
  <marc:record>
    <marc:leader>05190cam a22005897i 4500</marc:leader>
    <marc:controlfield tag="001">18674318</marc:controlfield>
    <marc:controlfield tag="005">20180714094118.0</marc:controlfield>
    <marc:controlfield tag="008">150625s2014    paua     b    000 m eng d</marc:controlfield>
    <marc:datafield tag="906" ind1=" " ind2=" ">
      <marc:subfield code="a">7</marc:subfield>
      <marc:subfield code="b">cbc</marc:subfield>
      <marc:subfield code="c">copycat</marc:subfield>
      <marc:subfield code="d">2</marc:subfield>
      <marc:subfield code="e">ncip</marc:subfield>
      <marc:subfield code="f">20</marc:subfield>
      <marc:subfield code="g">y-gencatlg</marc:subfield>
    </marc:datafield>
    <marc:datafield tag="925" ind1="0" ind2=" ">
      <marc:subfield code="a">acquire</marc:subfield>
      <marc:subfield code="b">1 shelf copy</marc:subfield>
      <marc:subfield code="x">policy default</marc:subfield>
    </marc:datafield>
    <marc:datafield tag="955" ind1=" " ind2=" ">
      <marc:subfield code="b">xk28 2015-06-25</marc:subfield>
      <marc:subfield code="b">xn05 2016-09-09 z-processor</marc:subfield>
      <marc:subfield code="i">rl09 2017-02-10 ; to Dewey</marc:subfield>
      <marc:subfield code="w">xb07 2018-07-14</marc:subfield>
    </marc:datafield>
    <marc:datafield tag="010" ind1=" " ind2=" ">
      <marc:subfield code="a">  2015296557</marc:subfield>
    </marc:datafield>
    <marc:datafield tag="020" ind1=" " ind2=" ">
      <marc:subfield code="a">9781502793331</marc:subfield>
    </marc:datafield>
    <marc:datafield tag="020" ind1=" " ind2=" ">
      <marc:subfield code="a">1502793334</marc:subfield>
    </marc:datafield>
    <marc:datafield tag="035" ind1=" " ind2=" ">
      <marc:subfield code="a">(OCoLC)ocn913098410</marc:subfield>
    </marc:datafield>
    <marc:datafield tag="040" ind1=" " ind2=" ">
      <marc:subfield code="a">TOH</marc:subfield>
      <marc:subfield code="b">eng</marc:subfield>
      <marc:subfield code="c">TOH</marc:subfield>
      <marc:subfield code="e">rda</marc:subfield>
      <marc:subfield code="d">OCLCO</marc:subfield>
      <marc:subfield code="d">MNU</marc:subfield>
      <marc:subfield code="d">OCLCF</marc:subfield>
      <marc:subfield code="d">OCLCA</marc:subfield>
      <marc:subfield code="d">DLC</marc:subfield>
    </marc:datafield>
    <marc:datafield tag="042" ind1=" " ind2=" ">
      <marc:subfield code="a">lccopycat</marc:subfield>
    </marc:datafield>
    <marc:datafield tag="050" ind1="0" ind2="0">
      <marc:subfield code="a">PR4623</marc:subfield>
      <marc:subfield code="b">.E18 2014</marc:subfield>
    </marc:datafield>
    <marc:datafield tag="082" ind1="0" ind2="0">
      <marc:subfield code="a">823/.8</marc:subfield>
      <marc:subfield code="2">23</marc:subfield>
    </marc:datafield>
    <marc:datafield tag="245" ind1="0" ind2="4">
      <marc:subfield code="a">The early Punch parodies of Sherlock Holmes /</marc:subfield>
      <marc:subfield code="c">edited by Bill Peschel.</marc:subfield>
      <marc:subfield code="1">http://viaf.org/viaf/317120812</marc:subfield>
    </marc:datafield>
    <marc:datafield tag="264" ind1=" " ind2="1">
      <marc:subfield code="a">Hershey, Pa. :</marc:subfield>
      <marc:subfield code="b">Peschel Press,</marc:subfield>
      <marc:subfield code="c">2014.</marc:subfield>
    </marc:datafield>
    <marc:datafield tag="264" ind1=" " ind2="4">
      <marc:subfield code="c">©2014</marc:subfield>
    </marc:datafield>
    <marc:datafield tag="300" ind1=" " ind2=" ">
      <marc:subfield code="a">281 pages :</marc:subfield>
      <marc:subfield code="b">illustrations ;</marc:subfield>
      <marc:subfield code="c">23 cm.</marc:subfield>
    </marc:datafield>
    <marc:datafield tag="336" ind1=" " ind2=" ">
      <marc:subfield code="a">text</marc:subfield>
      <marc:subfield code="b">txt</marc:subfield>
      <marc:subfield code="1">http://rdaregistry.info/termList/RDAContentType/1020</marc:subfield>
      <marc:subfield code="2">rdacontent</marc:subfield>
    </marc:datafield>
    <marc:datafield tag="337" ind1=" " ind2=" ">
      <marc:subfield code="a">unmediated</marc:subfield>
      <marc:subfield code="b">n</marc:subfield>
      <marc:subfield code="1">http://rdaregistry.info/termList/RDAMediaType/1007</marc:subfield>
      <marc:subfield code="2">rdamedia</marc:subfield>
    </marc:datafield>
    <marc:datafield tag="338" ind1="1" ind2="0">
      <marc:subfield code="a">volume</marc:subfield>
      <marc:subfield code="b">nc</marc:subfield>
      <marc:subfield code="1">http://rdaregistry.info/termList/RDACarrierType/1049</marc:subfield>
      <marc:subfield code="2">rdacarrier</marc:subfield>
    </marc:datafield>
    <marc:datafield tag="490" ind1="0" ind2=" ">
      <marc:subfield code="a">223B casebook series</marc:subfield>
    </marc:datafield>
    <marc:datafield tag="500" ind1=" " ind2=" ">
      <marc:subfield code="a">Includes parodies and pastiches published during A.C. Doyle's lifetime; also interview with Doyle by P.G. Wodehouse, which appeared in "V.C. magazine" [Victoria Cross magazine] on July 2, 1903.</marc:subfield>
    </marc:datafield>
    <marc:datafield tag="504" ind1=" " ind2=" ">
      <marc:subfield code="a">Includes bibliographical references (pages 280-281)</marc:subfield>
    </marc:datafield>
    <marc:datafield tag="505" ind1="0" ind2="0">
      <marc:subfield code="g">Stories and articles:</marc:subfield>
      <marc:subfield code="t">The adventures of Picklock Holes /</marc:subfield>
      <marc:subfield code="r">R.C. Lehmann: The bishop's crime; The duke's feather; Lady Hilda's mystery; The escape of the bull-dog; The Hungarian diamond; The Umbrosa burglary; The stolen march; Picklock's disappearance; The return of Picklock; The notch in the Tulwar; The story of the Russian anarchist; A scndal in Paflagonia;  The story of the princess; The story of the lamplighter; The adventure of the Swiss banker; The story of the lost Picklock; His final arrow  --</marc:subfield>
      <marc:subfield code="g">Stories and articles /</marc:subfield>
      <marc:subfield code="r">P.G. Wodehouse: Dudley Jones, bore hunter; Back to his native Strand; The prodigal; Society whispers from the States --</marc:subfield>
      <marc:subfield code="g">Major articles and parodies: In Paris out of the season ("The Vagrant"); Letters to the celebrated ("The Vagrant"); The debut of Bimbashi Joyce /  Arthur Conan Doyle; Authors at Bow Street / C. L. Graves and E. V. Lucas; A way we have at the 'Varsity / R. C. Lehmann; Telepathy day by day /  C. L. Gravesa and E. V. Lucas;  The terrors of war / N.R. Martin; The adventure of the agitated chemist / F. D. Grierson; Me, or the strange episode of the reincarnated Greek /  "Evoe" (E.V. Knox); The velvet blotting clue; My dear Holmes (His positively last appearance on Earth) / Ralph Wotherspoon --</marc:subfield>
      <marc:subfield code="g">Cartoons: Anonymous; E. T. Reed; Leonard Raven-Hill; Lewis Baumer; Arthur Watt; Bernard Partridge --</marc:subfield>
      <marc:subfield code="g">Reviews: A physiologist's wife; The adventures of Sherlock Holmes; The Great Boer War I; Sherlock Holmes ("No P'Lice like Holmes!"); Sherlock Holmes (Our Holmes); The hound of the Baskervilles; The great Boer War II; Sir Nigel; The last galley; The lost world; The valley of fear; His last bow; Danger! and Other Stories --</marc:subfield>
      <marc:subfield code="g">Briefs and exerpts: The fighting 'Foudroyant'; Crime briefs; Our colonial "comrades" at the Lycerum; The sign of Faure; Penman's politics; A sporting offer; Holmes redivivus; Mr. Punch's symposia; To brighten cricket; Great discoverers; Cheap Books; Sir Conan Doyle on Big Bores; Misfire; International and Imperial Crime Exhibition, 1910; Mr. Punch's gala variety entertainment; The great wager; Holmes arrested; Holmes' death; Literary gossip; From the Street of Adventure; The mud larks; On the river; The de Keyser case; Dedications; Mrs. Asquith remembers; Australia; Telepathic dog; The thunderbolt; Ministers who might have been; Put and take; Witchcraft; A taste of punch; The idle life of R.C. Lehmann; The blossoming of "Plum" wodehouse; Grit: A talk with Sir Arthur Conan Doyle; Bonus story: the humorists curse.</marc:subfield>
    </marc:datafield>
    <marc:datafield tag="600" ind1="1" ind2="0">
      <marc:subfield code="a">Doyle, Arthur Conan,</marc:subfield>
      <marc:subfield code="d">1859-1930</marc:subfield>
      <marc:subfield code="v">Parodies, imitations, etc.</marc:subfield>
      <marc:subfield code="1">http://viaf.org/viaf/65283845</marc:subfield>
      <marc:subfield code="4">aut</marc:subfield>
    </marc:datafield>
    <marc:datafield tag="600" ind1="1" ind2="0">
      <marc:subfield code="a">Doyle, Arthur Conan,</marc:subfield>
      <marc:subfield code="d">1859-1930</marc:subfield>
      <marc:subfield code="v">Fiction.</marc:subfield>
      <marc:subfield code="0">http://viaf.org/viaf/65283845</marc:subfield>
      <marc:subfield code="4">aut</marc:subfield>
    </marc:datafield>
    <marc:datafield tag="600" ind1="1" ind2="0">
      <marc:subfield code="a">Doyle, Arthur Conan,</marc:subfield>
      <marc:subfield code="d">1859-1930</marc:subfield>
      <marc:subfield code="v">Caricatures and cartoons.</marc:subfield>
      <marc:subfield code="0">http://viaf.org/viaf/65283845</marc:subfield>
      <marc:subfield code="4">aut</marc:subfield>
    </marc:datafield>
    <marc:datafield tag="600" ind1="1" ind2="0">
      <marc:subfield code="a">Doyle, Arthur Conan,</marc:subfield>
      <marc:subfield code="d">1859-1930</marc:subfield>
      <marc:subfield code="x">Interviews.</marc:subfield>
      <marc:subfield code="0">http://viaf.org/viaf/65283845</marc:subfield>
      <marc:subfield code="4">aut</marc:subfield>
    </marc:datafield>
    <marc:datafield tag="600" ind1="1" ind2="0">
      <marc:subfield code="a">Holmes, Sherlock</marc:subfield>
      <marc:subfield code="v">Caricatures and cartoons.</marc:subfield>
      <marc:subfield code="1">http://viaf.org/viaf/173636607</marc:subfield>
    </marc:datafield>
    <marc:datafield tag="600" ind1="1" ind2="0">
      <marc:subfield code="a">Holmes, Sherlock</marc:subfield>
      <marc:subfield code="v">Fiction.</marc:subfield>
      <marc:subfield code="1">http://viaf.org/viaf/173636607</marc:subfield>
    </marc:datafield>
    <marc:datafield tag="630" ind1="0" ind2="0">
      <marc:subfield code="a">Punch (London, England)</marc:subfield>
    </marc:datafield>
    <marc:datafield tag="600" ind1="1" ind2="7">
      <marc:subfield code="a">Doyle, Arthur Conan,</marc:subfield>
      <marc:subfield code="d">1859-1930.</marc:subfield>
      <marc:subfield code="2">fast</marc:subfield>
      <marc:subfield code="0">http://viaf.org/viaf/65283845</marc:subfield>
      <marc:subfield code="4">aut</marc:subfield>
    </marc:datafield>
    <marc:datafield tag="600" ind1="1" ind2="7">
      <marc:subfield code="a">Holmes, Sherlock.</marc:subfield>
      <marc:subfield code="2">fast</marc:subfield>
     <marc:subfield code="1">http://viaf.org/viaf/173636607</marc:subfield>
    </marc:datafield>
    <marc:datafield tag="630" ind1="0" ind2="7">
      <marc:subfield code="a">Punch (London, England)</marc:subfield>
      <marc:subfield code="2">fast</marc:subfield>
      <marc:subfield code="0">(OCoLC)fst01356088</marc:subfield>
    </marc:datafield>
    <marc:datafield tag="655" ind1=" " ind2="7">
      <marc:subfield code="a">Caricatures and cartoons.</marc:subfield>
      <marc:subfield code="2">fast</marc:subfield>
      <marc:subfield code="0">(OCoLC)fst01423691</marc:subfield>
    </marc:datafield>
    <marc:datafield tag="655" ind1=" " ind2="7">
      <marc:subfield code="a">Fiction.</marc:subfield>
      <marc:subfield code="2">fast</marc:subfield>
      <marc:subfield code="0">(OCoLC)fst01423787</marc:subfield>
    </marc:datafield>
    <marc:datafield tag="655" ind1=" " ind2="7">
      <marc:subfield code="a">Interviews.</marc:subfield>
      <marc:subfield code="2">fast</marc:subfield>
      <marc:subfield code="0">(OCoLC)fst01423832</marc:subfield>
    </marc:datafield>
    <marc:datafield tag="655" ind1=" " ind2="7">
      <marc:subfield code="a">Parodies, imitations, etc.</marc:subfield>
      <marc:subfield code="2">fast</marc:subfield>
      <marc:subfield code="0">(OCoLC)fst01423840</marc:subfield>
    </marc:datafield>
    <marc:datafield tag="700" ind1="1" ind2=" ">
      <marc:subfield code="a">Peschel, Bill,</marc:subfield>
      <marc:subfield code="e">editor.</marc:subfield>
      <marc:subfield code="0">http://viaf.org/viaf/122050065</marc:subfield>
      <marc:subfield code="4">edt</marc:subfield>
    </marc:datafield>
    <marc:datafield tag="700" ind1="1" ind2=" ">
      <marc:subfield code="a">Doyle, Arthur Conan,</marc:subfield>
      <marc:subfield code="d">1859-1930,</marc:subfield>
      <marc:subfield code="e">interviewee.</marc:subfield>
      <marc:subfield code="1">http://viaf.org/viaf/65283845</marc:subfield>
      <marc:subfield code="4">aut</marc:subfield>
    </marc:datafield>
    <marc:datafield tag="700" ind1="1" ind2=" ">
      <marc:subfield code="a">Lehmann, R. C.</marc:subfield>
      <marc:subfield code="q">(Rudolf Chambers),</marc:subfield>
      <marc:subfield code="d">1856-1929,</marc:subfield>
      <marc:subfield code="e">author.</marc:subfield>
      <marc:subfield code="0">http://viaf.org/viaf/37290070</marc:subfield>
      <marc:subfield code="4">aut</marc:subfield>
    </marc:datafield>
    <marc:datafield tag="700" ind1="1" ind2=" ">
      <marc:subfield code="a">Wodehouse, P. G.</marc:subfield>
      <marc:subfield code="q">(Pelham Grenville),</marc:subfield>
      <marc:subfield code="d">1881-1975,</marc:subfield>
      <marc:subfield code="0">http://viaf.org/viaf/46734193</marc:subfield>
      <marc:subfield code="e">author.</marc:subfield>
      <marc:subfield code="4">aut</marc:subfield>
    </marc:datafield>
    <marc:datafield tag="700" ind1="1" ind2="2">
      <marc:subfield code="a">Doyle, Arthur Conan,</marc:subfield>
      <marc:subfield code="d">1859-1930.</marc:subfield>
      <marc:subfield code="t">Debut of Bimbashi Joyce.</marc:subfield>
      <marc:subfield code="i">Contains (work):</marc:subfield>
      <marc:subfield code="0">http://viaf.org/viaf/65283845</marc:subfield>
      <marc:subfield code="4">aut</marc:subfield>
    </marc:datafield>
    <marc:datafield tag="700" ind1="1" ind2="2">
      <marc:subfield code="a">Wodehouse, P. G.</marc:subfield>
      <marc:subfield code="q">(Pelham Grenville),</marc:subfield>
      <marc:subfield code="d">1881-1975.</marc:subfield>
      <marc:subfield code="0">http://viaf.org/viaf/46734193</marc:subfield>
      <marc:subfield code="t">Grit: a talk with Sir Arthur Conan Doyle.</marc:subfield>
      <marc:subfield code="i">Contains (work):</marc:subfield>
      <marc:subfield code="4">aut</marc:subfield>
    </marc:datafield>
    <marc:datafield tag="730" ind1="0" ind2=" ">
      <marc:subfield code="a">Punch (London, England)</marc:subfield>
    </marc:datafield>
    <marc:datafield tag="830" ind1=" " ind2="0">
      <marc:subfield code="a">223B casebook series.</marc:subfield>
    </marc:datafield>
  </marc:record>
  <marc:record>
    <marc:leader>00930nam a22002535i 4500</marc:leader>
    <marc:controlfield tag="001">20848524</marc:controlfield>
    <marc:datafield tag="906" ind1=" " ind2=" ">
      <marc:subfield code="a">0</marc:subfield>
      <marc:subfield code="b">ibc</marc:subfield>
      <marc:subfield code="c">origres</marc:subfield>
      <marc:subfield code="d">u</marc:subfield>
      <marc:subfield code="e">ncip</marc:subfield>
      <marc:subfield code="f">20</marc:subfield>
      <marc:subfield code="g">y-gencatlg</marc:subfield>
    </marc:datafield>
    <marc:datafield tag="925" ind1="0" ind2=" ">
      <marc:subfield code="a">acquire</marc:subfield>
      <marc:subfield code="b">1 shelf copy</marc:subfield>
      <marc:subfield code="x">policy default</marc:subfield>
    </marc:datafield>
    <marc:datafield tag="955" ind1=" " ind2=" ">
      <marc:subfield code="a">ve36 2019-02-08</marc:subfield>
    </marc:datafield>
  </marc:record>