
  <marc:record>
    <marc:leader>01268cam a2200313 a 4500</marc:leader>
    <marc:controlfield tag="001">16967703</marc:controlfield>
    <marc:controlfield tag="005">20160105151812.0</marc:controlfield>
    <marc:controlfield tag="008">110919s2011    enka     6    000 f eng  </marc:controlfield>
    <marc:datafield tag="906" ind1=" " ind2=" ">
      <marc:subfield code="a">7</marc:subfield>
      <marc:subfield code="b">cbc</marc:subfield>
      <marc:subfield code="c">origres</marc:subfield>
      <marc:subfield code="d">2</marc:subfield>
      <marc:subfield code="e">ncip</marc:subfield>
      <marc:subfield code="f">20</marc:subfield>
      <marc:subfield code="g">y-gencatlg</marc:subfield>
    </marc:datafield>
    <marc:datafield tag="925" ind1="0" ind2=" ">
      <marc:subfield code="a">acquire</marc:subfield>
      <marc:subfield code="b">2 shelf copies</marc:subfield>
      <marc:subfield code="x">policy default</marc:subfield>
    </marc:datafield>
    <marc:datafield tag="955" ind1=" " ind2=" ">
      <marc:subfield code="b">hf04 2011-09-19 z-processor to USAN/UKI</marc:subfield>
      <marc:subfield code="i">hf05 2011-10-18</marc:subfield>
    </marc:datafield>
    <marc:datafield tag="010" ind1=" " ind2=" ">
      <marc:subfield code="a">  2011489041</marc:subfield>
    </marc:datafield>
    <marc:datafield tag="020" ind1=" " ind2=" ">
      <marc:subfield code="a">9781906838058 (pbk)</marc:subfield>
    </marc:datafield>
    <marc:datafield tag="020" ind1=" " ind2=" ">
      <marc:subfield code="a">1906838054 (pbk)</marc:subfield>
    </marc:datafield>
    <marc:datafield tag="040" ind1=" " ind2=" ">
      <marc:subfield code="a">DLC</marc:subfield>
      <marc:subfield code="c">DLC</marc:subfield>
      <marc:subfield code="d">DLC</marc:subfield>
    </marc:datafield>
    <marc:datafield tag="042" ind1=" " ind2=" ">
      <marc:subfield code="a">pcc</marc:subfield>
    </marc:datafield>
    <marc:datafield tag="050" ind1="0" ind2="0">
      <marc:subfield code="a">PN6737.C85</marc:subfield>
      <marc:subfield code="b">V35 2011</marc:subfield>
    </marc:datafield>
    <marc:datafield tag="100" ind1="1" ind2=" ">
      <marc:subfield code="a">Culbard, Ian.</marc:subfield>
      <marc:subfield code="0">http://viaf.org/viaf/38847084</marc:subfield>
      <marc:subfield code="4">aut</marc:subfield>
    </marc:datafield>
    <marc:datafield tag="245" ind1="1" ind2="4">
      <marc:subfield code="a">The valley of fear /</marc:subfield>
      <marc:subfield code="c">adopted from the original novel by Sir Arthur Conan Doyle ; illustrated by I.N.J. Culbard ; text adapted by Ian Edginton.</marc:subfield>
      <marc:subfield code="1">http://viaf.org/viaf/4079151965370600470005</marc:subfield>
    </marc:datafield>
    <marc:datafield tag="260" ind1=" " ind2=" ">
      <marc:subfield code="a">London :</marc:subfield>
      <marc:subfield code="b">SelfMadeHero,</marc:subfield>
      <marc:subfield code="c">2011.</marc:subfield>
    </marc:datafield>
    <marc:datafield tag="300" ind1=" " ind2=" ">
      <marc:subfield code="a">124 p. :</marc:subfield>
      <marc:subfield code="b">chiefly col. ill. ;</marc:subfield>
      <marc:subfield code="c">25 cm.</marc:subfield>
    </marc:datafield>
    <marc:datafield tag="336" ind1=" " ind2=" ">
      <marc:subfield code="a">text</marc:subfield>
      <marc:subfield code="b">txt</marc:subfield>
      <marc:subfield code="1">http://rdaregistry.info/termList/RDAContentType/1020</marc:subfield>
      <marc:subfield code="2">rdacontent</marc:subfield>
    </marc:datafield>
    <marc:datafield tag="337" ind1=" " ind2=" ">
      <marc:subfield code="a">unmediated</marc:subfield>
      <marc:subfield code="b">n</marc:subfield>
      <marc:subfield code="1">http://rdaregistry.info/termList/RDAMediaType/1007</marc:subfield>
      <marc:subfield code="2">rdamedia</marc:subfield>
    </marc:datafield>
    <marc:datafield tag="338" ind1="1" ind2="0">
      <marc:subfield code="a">volume</marc:subfield>
      <marc:subfield code="b">nc</marc:subfield>
      <marc:subfield code="1">http://rdaregistry.info/termList/RDACarrierType/1049</marc:subfield>
      <marc:subfield code="2">rdacarrier</marc:subfield>
    </marc:datafield>
    <marc:datafield tag="500" ind1=" " ind2=" ">
      <marc:subfield code="a">"A sherlock Holmes graphic novel."</marc:subfield>
    </marc:datafield>
    <marc:datafield tag="600" ind1="1" ind2="0">
      <marc:subfield code="a">Holmes, Sherlock</marc:subfield>
      <marc:subfield code="v">Comic books, strips, etc.</marc:subfield>
      <marc:subfield code="0">http://viaf.org/viaf/173636607</marc:subfield>
    </marc:datafield>
    <marc:datafield tag="600" ind1="1" ind2="0">
      <marc:subfield code="a">Watson, John H.</marc:subfield>
      <marc:subfield code="c">(Fictitious character)</marc:subfield>
      <marc:subfield code="v">Comic books, strips, etc.</marc:subfield>
      <marc:subfield code="0">http://viaf.org/viaf/90776671</marc:subfield>
    </marc:datafield>
    <marc:datafield tag="650" ind1=" " ind2="0">
      <marc:subfield code="a">Private investigators</marc:subfield>
      <marc:subfield code="v">Comic books, strips, etc.</marc:subfield>
    </marc:datafield>
    <marc:datafield tag="655" ind1=" " ind2="0">
      <marc:subfield code="a">Detective and mystery comic books, strips, etc.</marc:subfield>
    </marc:datafield>
    <marc:datafield tag="700" ind1="1" ind2=" ">
      <marc:subfield code="a">Edginton, Ian.</marc:subfield>
      <marc:subfield code="0">http://viaf.org/viaf/84511870</marc:subfield>
      <marc:subfield code="4">aut</marc:subfield>
    </marc:datafield>
    <marc:datafield tag="700" ind1="1" ind2=" ">
      <marc:subfield code="a">Doyle, Arthur Conan,</marc:subfield>
      <marc:subfield code="d">1859-1930.</marc:subfield>
      <marc:subfield code="t">Valley of fear.</marc:subfield>
      <marc:subfield code="0">http://viaf.org/viaf/65283845</marc:subfield>
      <marc:subfield code="1">http://viaf.org/viaf/175571309</marc:subfield>
      <marc:subfield code="4">aut</marc:subfield>
    </marc:datafield>
    <marc:datafield tag="923" ind1=" " ind2=" ">
      <marc:subfield code="a">purchase</marc:subfield>
      <marc:subfield code="d">20110828</marc:subfield>
      <marc:subfield code="n">I-1245362</marc:subfield>
      <marc:subfield code="s">Coutts UK</marc:subfield>
    </marc:datafield>
  </marc:record>