
  <marc:record>
  <marc:leader>01234cam a22002771  4500</marc:leader>
    <marc:controlfield tag="001">5961174</marc:controlfield>
    <marc:controlfield tag="005">20151214134108.0</marc:controlfield>
    <marc:controlfield tag="008">790405s1936    nyu           000 1 eng  </marc:controlfield>
    <marc:datafield tag="906" ind1=" " ind2=" ">
      <marc:subfield code="a">7</marc:subfield>
      <marc:subfield code="b">cbc</marc:subfield>
      <marc:subfield code="c">oclcrpl</marc:subfield>
      <marc:subfield code="d">u</marc:subfield>
      <marc:subfield code="e">ncip</marc:subfield>
      <marc:subfield code="f">19</marc:subfield>
      <marc:subfield code="g">y-gencatlg</marc:subfield>
    </marc:datafield>
    <marc:datafield tag="010" ind1=" " ind2=" ">
      <marc:subfield code="a">   36033418 </marc:subfield>
    </marc:datafield>
    <marc:datafield tag="035" ind1=" " ind2=" ">
      <marc:subfield code="9">(DLC)   36033418</marc:subfield>
    </marc:datafield>
    <marc:datafield tag="035" ind1=" " ind2=" ">
      <marc:subfield code="a">(OCoLC)4824120</marc:subfield>
    </marc:datafield>
    <marc:datafield tag="040" ind1=" " ind2=" ">
      <marc:subfield code="a">DLC</marc:subfield>
      <marc:subfield code="c">OCl</marc:subfield>
      <marc:subfield code="d">OCoLC</marc:subfield>
      <marc:subfield code="d">DLC</marc:subfield>
    </marc:datafield>
    <marc:datafield tag="050" ind1="0" ind2="0">
      <marc:subfield code="a">PZ3.D772</marc:subfield>
      <marc:subfield code="b">Co5</marc:subfield>
      <marc:subfield code="a">PR4621</marc:subfield>
    </marc:datafield>
    <marc:datafield tag="100" ind1=" " ind2=" ">
      <marc:subfield code="a">Doyle, Arthur Conan,</marc:subfield>
      <marc:subfield code="d">1859-1930</marc:subfield>
      <marc:subfield code="0">http://viaf.org/viaf/65283845</marc:subfield>
      <marc:subfield code="4">aut</marc:subfield>
    </marc:datafield>
    <marc:datafield tag="245" ind1="1" ind2="4">
      <marc:subfield code="a">The complete Sherlock Holmes,</marc:subfield>
      <marc:subfield code="c">by A. Conan Doyle; with a preface by Christopher Morley.</marc:subfield>
    </marc:datafield>
    <marc:datafield tag="260" ind1=" " ind2=" ">
      <marc:subfield code="a">Garden City, N.Y.,</marc:subfield>
      <marc:subfield code="b">Doubleday, Doran &amp; Company, inc.,</marc:subfield>
      <marc:subfield code="c">1936.</marc:subfield>
    </marc:datafield>
    <marc:datafield tag="300" ind1=" " ind2=" ">
      <marc:subfield code="a">xvi, 1323 p.</marc:subfield>
      <marc:subfield code="c">22 cm.</marc:subfield>
    </marc:datafield>
    <marc:datafield tag="336" ind1=" " ind2=" ">
      <marc:subfield code="a">text</marc:subfield>
      <marc:subfield code="b">txt</marc:subfield>
      <marc:subfield code="1">http://rdaregistry.info/termList/RDAContentType/1020</marc:subfield>
      <marc:subfield code="2">rdacontent</marc:subfield>
    </marc:datafield>
    <marc:datafield tag="337" ind1=" " ind2=" ">
      <marc:subfield code="a">unmediated</marc:subfield>
      <marc:subfield code="b">n</marc:subfield>
      <marc:subfield code="1">http://rdaregistry.info/termList/RDAMediaType/1007</marc:subfield>
      <marc:subfield code="2">rdamedia</marc:subfield>
    </marc:datafield>
    <marc:datafield tag="338" ind1="1" ind2="0">
      <marc:subfield code="a">volume</marc:subfield>
      <marc:subfield code="b">nc</marc:subfield>
      <marc:subfield code="1">http://rdaregistry.info/termList/RDACarrierType/1049</marc:subfield>
      <marc:subfield code="2">rdacarrier</marc:subfield>
    </marc:datafield>
    <marc:datafield tag="505" ind1="0" ind2=" ">
      <marc:subfield code="a">Study in scarlet.-The sign of four.-Adventures of Sherlock Holmes.-Memoirs of Sherlock Holmes.-The return of Sherlock Holmes.-The hound of the Baskervilles.-The valley of fear.-His last bow.-The case book of Sherlock Holmes.</marc:subfield>
    </marc:datafield>
    <marc:datafield tag="600" ind1="1" ind2="0">
      <marc:subfield code="a">Holmes, Sherlock</marc:subfield>
      <marc:subfield code="v">Fiction.</marc:subfield>
      <marc:subfield code="0">http://viaf.org/viaf/173636607</marc:subfield>
    </marc:datafield>
    <marc:datafield tag="650" ind1=" " ind2="0">
      <marc:subfield code="a">Private investigators</marc:subfield>
      <marc:subfield code="z">England</marc:subfield>
      <marc:subfield code="v">Fiction.</marc:subfield>
    </marc:datafield>
    <marc:datafield tag="650" ind1=" " ind2="0">
      <marc:subfield code="a">Detective and mystery stories, English.</marc:subfield>
    </marc:datafield>
    <marc:datafield tag="700" ind1="1" ind2=" ">
      <marc:subfield code="a">Morley, Christopher,</marc:subfield>
      <marc:subfield code="d">1890-1957.</marc:subfield>
      <marc:subfield code="0">http://viaf.org/viaf/133777</marc:subfield>
      <marc:subfield code="4">aui</marc:subfield>
    </marc:datafield>
    <marc:datafield tag="985" ind1=" " ind2=" ">
      <marc:subfield code="e">OCLC REPLACEMENT</marc:subfield>
    </marc:datafield>
    <marc:datafield tag="991" ind1=" " ind2=" ">
      <marc:subfield code="b">c-GenColl</marc:subfield>
      <marc:subfield code="h">PZ3.D772</marc:subfield>
      <marc:subfield code="i">Co 5</marc:subfield>
      <marc:subfield code="t">Copy 1</marc:subfield>
      <marc:subfield code="w">OCLCREP</marc:subfield>
    </marc:datafield>
    <marc:datafield tag="991" ind1=" " ind2=" ">
      <marc:subfield code="b">c-GenColl</marc:subfield>
      <marc:subfield code="h">PZ3.D772</marc:subfield>
      <marc:subfield code="i">Co 5</marc:subfield>
      <marc:subfield code="p">00014755962</marc:subfield>
      <marc:subfield code="t">Copy 2</marc:subfield>
      <marc:subfield code="w">CCF</marc:subfield>
    </marc:datafield>
  </marc:record>