
  <marc:record>
    <marc:leader>04362cim a2200577 a 4500</marc:leader>
    <marc:controlfield tag="001">18168499</marc:controlfield>
    <marc:controlfield tag="005">20151214134428.0</marc:controlfield>
    <marc:controlfield tag="007">sd fsngnnmmned</marc:controlfield>
    <marc:controlfield tag="008">140529s2013    miunnnng z     f  n eng d</marc:controlfield>
    <marc:datafield tag="906" ind1=" " ind2=" ">
      <marc:subfield code="a">7</marc:subfield>
      <marc:subfield code="b">cbc</marc:subfield>
      <marc:subfield code="c">copycat</marc:subfield>
      <marc:subfield code="d">3</marc:subfield>
      <marc:subfield code="e">ncip</marc:subfield>
      <marc:subfield code="f">20</marc:subfield>
      <marc:subfield code="g">y-soundrec</marc:subfield>
    </marc:datafield>
    <marc:datafield tag="925" ind1="0" ind2=" ">
      <marc:subfield code="a">acquire</marc:subfield>
      <marc:subfield code="b">2 shelf copies</marc:subfield>
      <marc:subfield code="x">policy default</marc:subfield>
    </marc:datafield>
    <marc:datafield tag="955" ind1=" " ind2=" ">
      <marc:subfield code="b">qr30 2014-05-29 z-processor</marc:subfield>
      <marc:subfield code="i">qr30 2014-05-29</marc:subfield>
    </marc:datafield>
    <marc:datafield tag="010" ind1=" " ind2=" ">
      <marc:subfield code="a">  2014619525</marc:subfield>
    </marc:datafield>
    <marc:datafield tag="020" ind1=" " ind2=" ">
      <marc:subfield code="a">9781469209531</marc:subfield>
    </marc:datafield>
    <marc:datafield tag="020" ind1=" " ind2=" ">
      <marc:subfield code="a">1469209535</marc:subfield>
    </marc:datafield>
    <marc:datafield tag="035" ind1=" " ind2=" ">
      <marc:subfield code="a">(OCoLC)ocn865187753</marc:subfield>
    </marc:datafield>
    <marc:datafield tag="040" ind1=" " ind2=" ">
      <marc:subfield code="a">JDR</marc:subfield>
      <marc:subfield code="c">JDR</marc:subfield>
      <marc:subfield code="d">DLC</marc:subfield>
    </marc:datafield>
    <marc:datafield tag="042" ind1=" " ind2=" ">
      <marc:subfield code="a">lccopycat</marc:subfield>
    </marc:datafield>
    <marc:datafield tag="050" ind1="0" ind2="0">
      <marc:subfield code="a">SDC 36745</marc:subfield>
    </marc:datafield>
    <marc:datafield tag="100" ind1=" " ind2=" ">
      <marc:subfield code="a">Doyle, Arthur Conan,</marc:subfield>
      <marc:subfield code="d">1859-1930</marc:subfield>
      <marc:subfield code="0">http://viaf.org/viaf/65283845</marc:subfield>
      <marc:subfield code="4">aut</marc:subfield>
    </marc:datafield>
    <marc:datafield tag="245" ind1="1" ind2="4">
      <marc:subfield code="a">The complete Sherlock Holmes /</marc:subfield>
      <marc:subfield code="c">Sir Arthur Conan Doyle.</marc:subfield>
    </marc:datafield>
    <marc:datafield tag="264" ind1=" " ind2="1">
      <marc:subfield code="a">Grand Haven, MI :</marc:subfield>
      <marc:subfield code="b">Brilliance Audio,</marc:subfield>
      <marc:subfield code="c">p2013.</marc:subfield>
    </marc:datafield>
    <marc:datafield tag="300" ind1=" " ind2=" ">
      <marc:subfield code="a">50 audio discs (58 hours, 35 minutes) :</marc:subfield>
      <marc:subfield code="b">digital, CD audio ;</marc:subfield>
      <marc:subfield code="c">4 3/4 in.</marc:subfield>
    </marc:datafield>
    <marc:datafield tag="306" ind1=" " ind2=" ">
      <marc:subfield code="a">583500</marc:subfield>
    </marc:datafield>
    <marc:datafield tag="336" ind1=" " ind2=" ">
      <marc:subfield code="a">spoken word</marc:subfield>
      <marc:subfield code="b">spw</marc:subfield>
      <marc:subfield code="2">rdacontent</marc:subfield>
    </marc:datafield>
    <marc:datafield tag="337" ind1=" " ind2=" ">
      <marc:subfield code="a">audio</marc:subfield>
      <marc:subfield code="b">s</marc:subfield>
      <marc:subfield code="2">rdamedia</marc:subfield>
    </marc:datafield>
    <marc:datafield tag="338" ind1=" " ind2=" ">
      <marc:subfield code="a">audio disc</marc:subfield>
      <marc:subfield code="b">sd</marc:subfield>
      <marc:subfield code="2">rdacarrier</marc:subfield>
    </marc:datafield>
    <marc:datafield tag="347" ind1=" " ind2=" ">
      <marc:subfield code="a">audio file</marc:subfield>
      <marc:subfield code="b">CD audio</marc:subfield>
      <marc:subfield code="2">rda</marc:subfield>
    </marc:datafield>
    <marc:datafield tag="490" ind1="0" ind2=" ">
      <marc:subfield code="a">Brilliance Audio on compact disc</marc:subfield>
    </marc:datafield>
    <marc:datafield tag="500" ind1=" " ind2=" ">
      <marc:subfield code="a">Title from container.</marc:subfield>
    </marc:datafield>
    <marc:datafield tag="500" ind1=" " ind2=" ">
      <marc:subfield code="a">Compact discs.</marc:subfield>
    </marc:datafield>
    <marc:datafield tag="500" ind1=" " ind2=" ">
      <marc:subfield code="a">4 Volume set : Volume 1, Discs 1-14 - Volume 2, Discs 15-21 - Volume 3, Discs 22-34 - Volume 4, Discs 35-50.</marc:subfield>
    </marc:datafield>
    <marc:datafield tag="500" ind1=" " ind2=" ">
      <marc:subfield code="a">"Unabridged"-Container.</marc:subfield>
    </marc:datafield>
    <marc:datafield tag="511" ind1="0" ind2=" ">
      <marc:subfield code="a">Performed by Simon Vance.</marc:subfield>
    </marc:datafield>
    <marc:datafield tag="520" ind1=" " ind2=" ">
      <marc:subfield code="a">A series of adventures featuring Sherlock Holmes, who let his brain compute the information he shrewdly observed; the resulting deductions and unexpected additional talents thrilled his faithful chronicler Dr Watson.</marc:subfield>
    </marc:datafield>
    <marc:datafield tag="505" ind1="0" ind2="0">
      <marc:subfield code="g">v. 1</marc:subfield>
      <marc:subfield code="t">A study in scarlet -</marc:subfield>
      <marc:subfield code="t">The sign of four. Adventures of Sherlock Holmes.</marc:subfield>
      <marc:subfield code="t">A scandal in Bohemia -</marc:subfield>
      <marc:subfield code="t">The Red-headed league -</marc:subfield>
      <marc:subfield code="t">A case of identity -</marc:subfield>
      <marc:subfield code="t">The Boscombe Valley mystery</marc:subfield>
      <marc:subfield code="t">-</marc:subfield>
      <marc:subfield code="t">The five orange pigs -</marc:subfield>
      <marc:subfield code="t">The man with the twisted lip -</marc:subfield>
      <marc:subfield code="t">The adventure of the blue carbuncle -</marc:subfield>
      <marc:subfield code="t">The adventure of the speckled band -</marc:subfield>
      <marc:subfield code="t">The adventure of the engineer's thumb -</marc:subfield>
      <marc:subfield code="t">The adventure of the noble bachelor -</marc:subfield>
      <marc:subfield code="t">The adventure of the beryl coronet -</marc:subfield>
      <marc:subfield code="t">The adventure of the copper beeches.</marc:subfield>
      <marc:subfield code="g">v. 2</marc:subfield>
      <marc:subfield code="g">Memoirs of Sherlock Holmes.</marc:subfield>
      <marc:subfield code="t">Silver blaze -</marc:subfield>
      <marc:subfield code="t">The yellow face -</marc:subfield>
      <marc:subfield code="t">The stock-broker's clerk -</marc:subfield>
      <marc:subfield code="t">The "Gloria Scott' -</marc:subfield>
      <marc:subfield code="t">The musgrave ritual -</marc:subfield>
      <marc:subfield code="t">The reigate puzzle -</marc:subfield>
      <marc:subfield code="t">The crooked man -</marc:subfield>
      <marc:subfield code="t">The resident patient -</marc:subfield>
      <marc:subfield code="t">The Greek interpreter -</marc:subfield>
      <marc:subfield code="t">The naval treaty -</marc:subfield>
      <marc:subfield code="t">The adventure of the three students -</marc:subfield>
      <marc:subfield code="t">The adventure of the dancing men -</marc:subfield>
      <marc:subfield code="t">The adventure of the solitary cyclist - stone -</marc:subfield>
      <marc:subfield code="t">The final problem -</marc:subfield>
      <marc:subfield code="t">The hound of the Baskervilles.</marc:subfield>
      <marc:subfield code="g">v. 3</marc:subfield>
      <marc:subfield code="g">The return of Sherlock Holmes.</marc:subfield>
      <marc:subfield code="t">The adventure of the empty house -</marc:subfield>
      <marc:subfield code="t">The adventure of the Norwood builder -</marc:subfield>
      <marc:subfield code="t">The adventure of the dancing men -</marc:subfield>
      <marc:subfield code="t">The adventure of the solitary cyclist -</marc:subfield>
      <marc:subfield code="t">The adventure of the priory school -</marc:subfield>
      <marc:subfield code="t">The adventure of Black Peter -</marc:subfield>
      <marc:subfield code="t">The adventure of Charles Augustus Milverton -</marc:subfield>
      <marc:subfield code="t">The adventure of the six Napoleons -</marc:subfield>
      <marc:subfield code="t">The adventure of the three students -</marc:subfield>
      <marc:subfield code="t">The adventure of the golden pince-nez -</marc:subfield>
      <marc:subfield code="t">The adventure of the missing three-quarter -</marc:subfield>
      <marc:subfield code="t">The adventure of the Abbey Grange -</marc:subfield>
      <marc:subfield code="t">The adventure of the second stain</marc:subfield>
      <marc:subfield code="g">The valley of fear.</marc:subfield>
      <marc:subfield code="g">v. 4</marc:subfield>
      <marc:subfield code="g">His last bow. -</marc:subfield>
      <marc:subfield code="g">The case of book of Sherlock Holmes.</marc:subfield>
      <marc:subfield code="t">The adventure of the illustrious client -</marc:subfield>
      <marc:subfield code="t">The adventure of the blanched soldier -</marc:subfield>
      <marc:subfield code="t">The adventure of the Mazarin stone -</marc:subfield>
      <marc:subfield code="t">The adventure of the three gables -</marc:subfield>
      <marc:subfield code="t">The adventure of the Sussex vampire -</marc:subfield>
      <marc:subfield code="t">The adventure of the three Garridebs -</marc:subfield>
      <marc:subfield code="t">The problem of Thor Bridge -</marc:subfield>
      <marc:subfield code="t">The adventure of the creeping man -</marc:subfield>
      <marc:subfield code="t">The adventure of the lion's mane -</marc:subfield>
      <marc:subfield code="t">The adventure of the veiled lodger -</marc:subfield>
      <marc:subfield code="t">The adventure of Shoscombe Old Place -</marc:subfield>
      <marc:subfield code="t">The adventure of the retired colourman.</marc:subfield>
    </marc:datafield>
    <marc:datafield tag="600" ind1="1" ind2="0">
      <marc:subfield code="a">Holmes, Sherlock</marc:subfield>
      <marc:subfield code="v">Fiction.</marc:subfield>
      <marc:subfield code="0">http://viaf.org/viaf/173636607</marc:subfield>
    </marc:datafield>
    <marc:datafield tag="600" ind1="1" ind2="0">
      <marc:subfield code="a">Watson, John H.</marc:subfield>
      <marc:subfield code="c">(Fictitious character)</marc:subfield>
      <marc:subfield code="v">Fiction.</marc:subfield>
      <marc:subfield code="0">http://viaf.org/viaf/90776671</marc:subfield>
    </marc:datafield>
    <marc:datafield tag="650" ind1=" " ind2="0">
      <marc:subfield code="a">Private investigators</marc:subfield>
      <marc:subfield code="z">England</marc:subfield>
      <marc:subfield code="v">Fiction.</marc:subfield>
    </marc:datafield>
    <marc:datafield tag="651" ind1=" " ind2="0">
      <marc:subfield code="a">England</marc:subfield>
      <marc:subfield code="v">Fiction.</marc:subfield>
    </marc:datafield>
    <marc:datafield tag="650" ind1=" " ind2="0">
      <marc:subfield code="a">Detective and mystery stories, English.</marc:subfield>
    </marc:datafield>
    <marc:datafield tag="650" ind1=" " ind2="0">
      <marc:subfield code="a">Audiobooks.</marc:subfield>
    </marc:datafield>
    <marc:datafield tag="700" ind1="1" ind2=" ">
      <marc:subfield code="a">Vance, Simon.</marc:subfield>
      <marc:subfield code="e">narrator.</marc:subfield>
      <marc:subfield code="0">http://viaf.org/viaf/95119374</marc:subfield>
      <marc:subfield code="4">nrt</marc:subfield>
    </marc:datafield>
    <marc:datafield tag="700" ind1="1" ind2=" ">
      <marc:subfield code="a">Doyle, Arthur Conan,</marc:subfield>
      <marc:subfield code="d">1859-1930.</marc:subfield>
      <marc:subfield code="t">Study in scarlet.</marc:subfield>
      <marc:subfield code="0">http://viaf.org/viaf/65283845</marc:subfield>
      <marc:subfield code="4">aut</marc:subfield>
    </marc:datafield>
    <marc:datafield tag="700" ind1="1" ind2=" ">
      <marc:subfield code="a">Doyle, Arthur Conan,</marc:subfield>
      <marc:subfield code="d">1859-1930.</marc:subfield>
      <marc:subfield code="t">Sign of four.</marc:subfield>
      <marc:subfield code="0">http://viaf.org/viaf/65283845</marc:subfield>
      <marc:subfield code="4">aut</marc:subfield>
    </marc:datafield>
    <marc:datafield tag="700" ind1="1" ind2=" ">
      <marc:subfield code="a">Doyle, Arthur Conan,</marc:subfield>
      <marc:subfield code="d">1859-1930.</marc:subfield>
      <marc:subfield code="t">Hound of the Baskervilles.</marc:subfield>
      <marc:subfield code="0">http://viaf.org/viaf/65283845</marc:subfield>
      <marc:subfield code="4">aut</marc:subfield>
    </marc:datafield>
    <marc:datafield tag="700" ind1="1" ind2=" ">
      <marc:subfield code="a">Doyle, Arthur Conan,</marc:subfield>
      <marc:subfield code="d">1859-1930.</marc:subfield>
      <marc:subfield code="t">Scandal in Bohemia.</marc:subfield>
      <marc:subfield code="0">http://viaf.org/viaf/65283845</marc:subfield>
      <marc:subfield code="4">aut</marc:subfield>
    </marc:datafield>
    <marc:datafield tag="740" ind1="0" ind2=" ">
      <marc:subfield code="a">Study in scarlet.</marc:subfield>
    </marc:datafield>
    <marc:datafield tag="740" ind1="0" ind2=" ">
      <marc:subfield code="a">Sign of four.</marc:subfield>
    </marc:datafield>
    <marc:datafield tag="740" ind1="0" ind2=" ">
      <marc:subfield code="a">Hound of the Baskervilles.</marc:subfield>
    </marc:datafield>
    <marc:datafield tag="740" ind1="0" ind2=" ">
      <marc:subfield code="a">Scandal in Bohemia.</marc:subfield>
    </marc:datafield>
  </marc:record>