
  <marc:record>
    <marc:leader>01865aam a22004457a 4500</marc:leader>
    <marc:controlfield tag="001">22486925</marc:controlfield>
    <marc:controlfield tag="003">LIBRIS</marc:controlfield>
    <marc:controlfield tag="005">20180305112054.0</marc:controlfield>
    <marc:controlfield tag="008">180305s2011    xxk           000 1 eng c</marc:controlfield>
    <marc:datafield tag="020" ind1=" " ind2=" ">
      <marc:subfield code="a">978-0-241-95297-9</marc:subfield>
    </marc:datafield>
    <marc:datafield tag="020" ind1=" " ind2=" ">
      <marc:subfield code="a">0-241-95297-2</marc:subfield>
    </marc:datafield>
    <marc:datafield tag="035" ind1=" " ind2=" ">
      <marc:subfield code="a">(OCoLC)ocn830670901</marc:subfield>
    </marc:datafield>
    <marc:datafield tag="040" ind1=" " ind2=" ">
      <marc:subfield code="a">GBVCP</marc:subfield>
      <marc:subfield code="b">ger</marc:subfield>
      <marc:subfield code="e">rakwb</marc:subfield>
      <marc:subfield code="c">GBVCP</marc:subfield>
      <marc:subfield code="d">Li</marc:subfield>
    </marc:datafield>
    <marc:datafield tag="082" ind1="0" ind2="4">
      <marc:subfield code="a">823</marc:subfield>
      <marc:subfield code="2">22 (machine generated)</marc:subfield>
    </marc:datafield>
    <marc:datafield tag="084" ind1=" " ind2=" ">
      <marc:subfield code="a">He.01</marc:subfield>
      <marc:subfield code="2">kssb/8</marc:subfield>
    </marc:datafield>
    <marc:datafield tag="100" ind1=" " ind2=" ">
      <marc:subfield code="a">Doyle, Arthur Conan,</marc:subfield>
      <marc:subfield code="d">1859-1930</marc:subfield>
      <marc:subfield code="0">http://viaf.org/viaf/65283845</marc:subfield>
      <marc:subfield code="4">aut</marc:subfield>
    </marc:datafield>
    <marc:datafield tag="245" ind1="1" ind2="4">
      <marc:subfield code="a">The valley of fear</marc:subfield>
      <marc:subfield code="c">Sir Arthur Conan Doyle</marc:subfield>
    </marc:datafield>
    <marc:datafield tag="260" ind1="3" ind2=" ">
      <marc:subfield code="a">London</marc:subfield>
      <marc:subfield code="b">Penguin</marc:subfield>
      <marc:subfield code="c">2011</marc:subfield>
    </marc:datafield>
    <marc:datafield tag="300" ind1=" " ind2=" ">
      <marc:subfield code="a">216 p.</marc:subfield>
    </marc:datafield>
    <marc:datafield tag="336" ind1=" " ind2=" ">
      <marc:subfield code="a">text</marc:subfield>
      <marc:subfield code="b">txt</marc:subfield>
      <marc:subfield code="1">http://rdaregistry.info/termList/RDAContentType/1020</marc:subfield>
      <marc:subfield code="2">rdacontent</marc:subfield>
    </marc:datafield>
    <marc:datafield tag="337" ind1=" " ind2=" ">
      <marc:subfield code="a">unmediated</marc:subfield>
      <marc:subfield code="b">n</marc:subfield>
      <marc:subfield code="1">http://rdaregistry.info/termList/RDAMediaType/1007</marc:subfield>
      <marc:subfield code="2">rdamedia</marc:subfield>
    </marc:datafield>
    <marc:datafield tag="338" ind1="1" ind2="0">
      <marc:subfield code="a">volume</marc:subfield>
      <marc:subfield code="b">nc</marc:subfield>
      <marc:subfield code="1">http://rdaregistry.info/termList/RDACarrierType/1049</marc:subfield>
      <marc:subfield code="2">rdacarrier</marc:subfield>
    </marc:datafield>
    <marc:datafield tag="490" ind1="0" ind2=" ">
      <marc:subfield code="a">The Penguin Sherlock Holmes collection</marc:subfield>
    </marc:datafield>
    <marc:datafield tag="599" ind1=" " ind2=" ">
      <marc:subfield code="a">Imported from: zcat.oclc.org:210/OLUCWorldCat (Do not remove)</marc:subfield>
    </marc:datafield>
    <marc:datafield tag="653" ind1=" " ind2="0">
      <marc:subfield code="a">Detective and mystery stories</marc:subfield>
    </marc:datafield>
    <marc:datafield tag="653" ind1=" " ind2="0">
      <marc:subfield code="a">Holmes, Sherlock (Fictitious character)</marc:subfield>
      <marc:subfield code="a">Fiction</marc:subfield>
      <marc:subfield code="0">http://viaf.org/viaf/173636607</marc:subfield>
    </marc:datafield>
    <marc:datafield tag="653" ind1=" " ind2="0">
      <marc:subfield code="a">Watson, John H. (Fictitious character)</marc:subfield>
      <marc:subfield code="a">Fiction</marc:subfield>
    </marc:datafield>
    <marc:datafield tag="655" ind1=" " ind2="7">
      <marc:subfield code="a">Romaner</marc:subfield>
      <marc:subfield code="2">saogf</marc:subfield>
      <marc:subfield code="0">389072</marc:subfield>
    </marc:datafield>
    <marc:datafield tag="841" ind1=" " ind2=" ">
      <marc:subfield code="5">Li</marc:subfield>
      <marc:subfield code="a">x  a</marc:subfield>
      <marc:subfield code="b">1803054u    8   1001uu   0901128</marc:subfield>
      <marc:subfield code="e">4</marc:subfield>
    </marc:datafield>
    <marc:datafield tag="852" ind1="8" ind2=" ">
      <marc:subfield code="5">Li</marc:subfield>
      <marc:subfield code="b">Li</marc:subfield>
      <marc:subfield code="c">VALLA</marc:subfield>
      <marc:subfield code="h">he</marc:subfield>
    </marc:datafield>
    <marc:datafield tag="900" ind1="1" ind2="s">
      <marc:subfield code="a">Doyle, Arthur Conan,</marc:subfield>
      <marc:subfield code="c">Sir,</marc:subfield>
      <marc:subfield code="d">1859-1930.</marc:subfield>
      <marc:subfield code="t">The valley of fear</marc:subfield>
      <marc:subfield code="u">Doyle, Arthur Conan,</marc:subfield>
      <marc:subfield code="c">Sir,</marc:subfield>
      <marc:subfield code="d">1859-1930.</marc:subfield>
      <marc:subfield code="t">Valley of fear</marc:subfield>
    </marc:datafield>
    <marc:datafield tag="900" ind1="1" ind2="s">
      <marc:subfield code="6">100</marc:subfield>
      <marc:subfield code="a">Conan Doyle, Arthur,</marc:subfield>
      <marc:subfield code="d">1859-1930</marc:subfield>
      <marc:subfield code="u">Doyle, Arthur Conan,</marc:subfield>
      <marc:subfield code="c">Sir,</marc:subfield>
      <marc:subfield code="d">1859-1930</marc:subfield>
    </marc:datafield>
    <marc:datafield tag="900" ind1="1" ind2="s">
      <marc:subfield code="6">100</marc:subfield>
      <marc:subfield code="a">Dojl, Artur Konan,</marc:subfield>
      <marc:subfield code="d">1859-1930</marc:subfield>
      <marc:subfield code="u">Doyle, Arthur Conan,</marc:subfield>
      <marc:subfield code="c">Sir,</marc:subfield>
      <marc:subfield code="d">1859-1930</marc:subfield>
    </marc:datafield>
    <marc:datafield tag="900" ind1="1" ind2="s">
      <marc:subfield code="6">100</marc:subfield>
      <marc:subfield code="a">Doyle, Conan,</marc:subfield>
      <marc:subfield code="d">1859-1930</marc:subfield>
      <marc:subfield code="u">Doyle, Arthur Conan,</marc:subfield>
      <marc:subfield code="c">Sir,</marc:subfield>
      <marc:subfield code="d">1859-1930</marc:subfield>
    </marc:datafield>
    <marc:datafield tag="900" ind1="1" ind2="s">
      <marc:subfield code="6">100</marc:subfield>
      <marc:subfield code="a">Doyle, Conan A.,</marc:subfield>
      <marc:subfield code="d">1859-1930</marc:subfield>
      <marc:subfield code="u">Doyle, Arthur Conan,</marc:subfield>
      <marc:subfield code="c">Sir,</marc:subfield>
      <marc:subfield code="d">1859-1930</marc:subfield>
    </marc:datafield>
    <marc:datafield tag="955" ind1=" " ind2="k">
      <marc:subfield code="6">655</marc:subfield>
      <marc:subfield code="w">g</marc:subfield>
      <marc:subfield code="a">Sk�nlitteratur</marc:subfield>
      <marc:subfield code="u">Romaner</marc:subfield>
    </marc:datafield>
    <marc:datafield tag="955" ind1=" " ind2="k">
      <marc:subfield code="6">655</marc:subfield>
      <marc:subfield code="w">h</marc:subfield>
      <marc:subfield code="a">Brevromaner</marc:subfield>
      <marc:subfield code="u">Romaner</marc:subfield>
    </marc:datafield>
    <marc:datafield tag="955" ind1=" " ind2="k">
      <marc:subfield code="6">655</marc:subfield>
      <marc:subfield code="w">h</marc:subfield>
      <marc:subfield code="a">Dagboksromaner</marc:subfield>
      <marc:subfield code="u">Romaner</marc:subfield>
    </marc:datafield>
    <marc:datafield tag="955" ind1=" " ind2="k">
      <marc:subfield code="6">655</marc:subfield>
      <marc:subfield code="w">h</marc:subfield>
      <marc:subfield code="a">Kollektivromaner</marc:subfield>
      <marc:subfield code="u">Romaner</marc:subfield>
    </marc:datafield>
    <marc:datafield tag="955" ind1=" " ind2="k">
      <marc:subfield code="6">655</marc:subfield>
      <marc:subfield code="w">h</marc:subfield>
      <marc:subfield code="a">Nyckelromaner</marc:subfield>
      <marc:subfield code="u">Romaner</marc:subfield>
    </marc:datafield>
    <marc:datafield tag="955" ind1=" " ind2="k">
      <marc:subfield code="6">655</marc:subfield>
      <marc:subfield code="w">h</marc:subfield>
      <marc:subfield code="a">Pikareskromaner</marc:subfield>
      <marc:subfield code="u">Romaner</marc:subfield>
    </marc:datafield>
    <marc:datafield tag="955" ind1=" " ind2="k">
      <marc:subfield code="6">655</marc:subfield>
      <marc:subfield code="w">h</marc:subfield>
      <marc:subfield code="a">Serieromaner</marc:subfield>
      <marc:subfield code="u">Romaner</marc:subfield>
    </marc:datafield>
    <marc:datafield tag="955" ind1=" " ind2="k">
      <marc:subfield code="6">655</marc:subfield>
      <marc:subfield code="w">h</marc:subfield>
      <marc:subfield code="a">Utvecklingsromaner</marc:subfield>
      <marc:subfield code="u">Romaner</marc:subfield>
    </marc:datafield>
  </marc:record>