
  <marc:record>
    <marc:leader>02317nam a22004095a 4500</marc:leader>
    <marc:controlfield tag="001">21244741</marc:controlfield>
    <marc:controlfield tag="003">LIBRIS</marc:controlfield>
    <marc:controlfield tag="005">20170828091442.0</marc:controlfield>
    <marc:controlfield tag="007">cr||||||||||||</marc:controlfield>
    <marc:controlfield tag="008">170828uuuuuuuuuxx |||| o    |||| 0|und d</marc:controlfield>
    <marc:datafield tag="020" ind1=" " ind2=" ">
      <marc:subfield code="z">978-0-19-150576-8 (Print)</marc:subfield>
    </marc:datafield>
    <marc:datafield tag="100" ind1=" " ind2=" ">
      <marc:subfield code="a">Doyle, Arthur Conan,</marc:subfield>
      <marc:subfield code="d">1859-1930</marc:subfield>
      <marc:subfield code="0">http://viaf.org/viaf/65283845</marc:subfield>
      <marc:subfield code="4">aut</marc:subfield>
    </marc:datafield>
    <marc:datafield tag="245" ind1="1" ind2="0">
      <marc:subfield code="a">The Valley of Fear [electronic resource].</marc:subfield>
      <marc:subfield code="h">[Elektronisk resurs]</marc:subfield>
    </marc:datafield>
    <marc:datafield tag="776" ind1="0" ind2="8">
      <marc:subfield code="i">Print</marc:subfield>
      <marc:subfield code="t">The Valley of Fear [electronic resource].</marc:subfield>
      <marc:subfield code="z">9780191505768</marc:subfield>
    </marc:datafield>
  </marc:record>