
  <marc:record>
    <marc:leader>03294cam a2200709 a 4500</marc:leader>
    <marc:controlfield tag="001">11810248</marc:controlfield>
    <marc:controlfield tag="003">LIBRIS</marc:controlfield>
    <marc:controlfield tag="005">20171120170234.0</marc:controlfield>
    <marc:controlfield tag="008">100409s2010    sw ||||      |00| f|swe  </marc:controlfield>
    <marc:datafield tag="020" ind1=" " ind2=" ">
      <marc:subfield code="a">978-91-7742-323-2 (inb.)</marc:subfield>
    </marc:datafield>
    <marc:datafield tag="035" ind1=" " ind2=" ">
      <marc:subfield code="5">Bo</marc:subfield>
      <marc:subfield code="a">(Bo)458838</marc:subfield>
    </marc:datafield>
    <marc:datafield tag="040" ind1=" " ind2=" ">
      <marc:subfield code="a">LGEN</marc:subfield>
      <marc:subfield code="d">S</marc:subfield>
    </marc:datafield>
    <marc:datafield tag="041" ind1="1" ind2=" ">
      <marc:subfield code="a">swe</marc:subfield>
      <marc:subfield code="h">eng</marc:subfield>
    </marc:datafield>
    <marc:datafield tag="042" ind1=" " ind2=" ">
      <marc:subfield code="9">NB</marc:subfield>
    </marc:datafield>
    <marc:datafield tag="082" ind1="0" ind2="4">
      <marc:subfield code="a">823</marc:subfield>
      <marc:subfield code="2">22 (machine generated)</marc:subfield>
    </marc:datafield>
    <marc:datafield tag="084" ind1=" " ind2=" ">
      <marc:subfield code="a">He.01=c</marc:subfield>
      <marc:subfield code="2">kssb/8</marc:subfield>
    </marc:datafield>
    <marc:datafield tag="100" ind1=" " ind2=" ">
      <marc:subfield code="a">Doyle, Arthur Conan,</marc:subfield>
      <marc:subfield code="d">1859-1930</marc:subfield>
      <marc:subfield code="0">http://viaf.org/viaf/65283845</marc:subfield>
      <marc:subfield code="4">aut</marc:subfield>
    </marc:datafield>
    <marc:datafield tag="240" ind1="1" ind2="4">
      <marc:subfield code="a">The valley of fear.</marc:subfield>
      <marc:subfield code="l">Svenska</marc:subfield>
    </marc:datafield>
    <marc:datafield tag="245" ind1="1" ind2="0">
      <marc:subfield code="a">Sherlock Holmes i Skr�ckens dal /</marc:subfield>
      <marc:subfield code="c">Arthur Conan Doyle ; översättning: Charlotte Hjukström ; efterord: Mattias Boström</marc:subfield>
    </marc:datafield>
    <marc:datafield tag="260" ind1=" " ind2=" ">
      <marc:subfield code="a">Lund :</marc:subfield>
      <marc:subfield code="b">Bakhäll,</marc:subfield>
      <marc:subfield code="c">2010</marc:subfield>
      <marc:subfield code="e">(Ungern)</marc:subfield>
    </marc:datafield>
    <marc:datafield tag="300" ind1=" " ind2=" ">
      <marc:subfield code="a">189 s. ;</marc:subfield>
      <marc:subfield code="c">22 cm</marc:subfield>
    </marc:datafield>
    <marc:datafield tag="336" ind1=" " ind2=" ">
      <marc:subfield code="a">text</marc:subfield>
      <marc:subfield code="b">txt</marc:subfield>
      <marc:subfield code="1">http://rdaregistry.info/termList/RDAContentType/1020</marc:subfield>
      <marc:subfield code="2">rdacontent</marc:subfield>
    </marc:datafield>
    <marc:datafield tag="337" ind1=" " ind2=" ">
      <marc:subfield code="a">unmediated</marc:subfield>
      <marc:subfield code="b">n</marc:subfield>
      <marc:subfield code="1">http://rdaregistry.info/termList/RDAMediaType/1007</marc:subfield>
      <marc:subfield code="2">rdamedia</marc:subfield>
    </marc:datafield>
    <marc:datafield tag="338" ind1="1" ind2="0">
      <marc:subfield code="a">volume</marc:subfield>
      <marc:subfield code="b">nc</marc:subfield>
      <marc:subfield code="1">http://rdaregistry.info/termList/RDACarrierType/1049</marc:subfield>
      <marc:subfield code="2">rdacarrier</marc:subfield>
    </marc:datafield>
    <marc:datafield tag="500" ind1=" " ind2=" ">
      <marc:subfield code="a">Tidigare utgiven i andra översättningar</marc:subfield>
    </marc:datafield>
    <marc:datafield tag="599" ind1=" " ind2=" ">
      <marc:subfield code="5">S</marc:subfield>
      <marc:subfield code="a">nbv201034</marc:subfield>
    </marc:datafield>
    <marc:datafield tag="700" ind1="1" ind2=" ">
      <marc:subfield code="a">Hjukström, Charlotte,</marc:subfield>
      <marc:subfield code="d">1959-2017</marc:subfield>
      <marc:subfield code="4">trl</marc:subfield>
      <marc:subfield code="0">http://viaf.org/viaf/41817060</marc:subfield>
    </marc:datafield>
    <marc:datafield tag="841" ind1=" " ind2=" ">
      <marc:subfield code="5">Arlo</marc:subfield>
      <marc:subfield code="a">u  a</marc:subfield>
      <marc:subfield code="b">160125||0000|||||001||||||000000</marc:subfield>
      <marc:subfield code="e">1</marc:subfield>
    </marc:datafield>
    <marc:datafield tag="841" ind1=" " ind2=" ">
      <marc:subfield code="5">Bo</marc:subfield>
      <marc:subfield code="a">u  a</marc:subfield>
      <marc:subfield code="b">140401||0000|||||001||||||000000</marc:subfield>
      <marc:subfield code="e">1</marc:subfield>
    </marc:datafield>
    <marc:datafield tag="841" ind1=" " ind2=" ">
      <marc:subfield code="5">G</marc:subfield>
      <marc:subfield code="a">x  a</marc:subfield>
      <marc:subfield code="b">1106164u    8   1001uu   0901128</marc:subfield>
      <marc:subfield code="e">4</marc:subfield>
    </marc:datafield>
    <marc:datafield tag="841" ind1=" " ind2=" ">
      <marc:subfield code="5">Gbg</marc:subfield>
      <marc:subfield code="a">x  a</marc:subfield>
      <marc:subfield code="b">100617||0000|||||000||||||000000</marc:subfield>
      <marc:subfield code="e">1</marc:subfield>
    </marc:datafield>
    <marc:datafield tag="841" ind1=" " ind2=" ">
      <marc:subfield code="5">H</marc:subfield>
      <marc:subfield code="a">x  a</marc:subfield>
      <marc:subfield code="b">110526||    |||||001||||||000000</marc:subfield>
      <marc:subfield code="e">1</marc:subfield>
    </marc:datafield>
    <marc:datafield tag="841" ind1=" " ind2=" ">
      <marc:subfield code="5">L</marc:subfield>
      <marc:subfield code="a">x  a</marc:subfield>
      <marc:subfield code="b">110722||    |||||001||||||000000</marc:subfield>
      <marc:subfield code="e">1</marc:subfield>
    </marc:datafield>
    <marc:datafield tag="841" ind1=" " ind2=" ">
      <marc:subfield code="5">Li</marc:subfield>
      <marc:subfield code="a">x  a</marc:subfield>
      <marc:subfield code="b">1108044u    8   1001uu   0901128</marc:subfield>
      <marc:subfield code="e">4</marc:subfield>
    </marc:datafield>
    <marc:datafield tag="841" ind1=" " ind2=" ">
      <marc:subfield code="5">Lobj</marc:subfield>
      <marc:subfield code="a">u  a</marc:subfield>
      <marc:subfield code="b">150622||0000|||||001||||||000000</marc:subfield>
      <marc:subfield code="e">1</marc:subfield>
    </marc:datafield>
    <marc:datafield tag="841" ind1=" " ind2=" ">
      <marc:subfield code="5">Moln</marc:subfield>
      <marc:subfield code="a">x  a</marc:subfield>
      <marc:subfield code="b">140428||0000|||||000||||||000000</marc:subfield>
      <marc:subfield code="e">1</marc:subfield>
    </marc:datafield>
    <marc:datafield tag="841" ind1=" " ind2=" ">
      <marc:subfield code="5">Q</marc:subfield>
      <marc:subfield code="a">xo a</marc:subfield>
      <marc:subfield code="b">1105274u    8   1001uu   0901128</marc:subfield>
      <marc:subfield code="e">4</marc:subfield>
    </marc:datafield>
    <marc:datafield tag="841" ind1=" " ind2=" ">
      <marc:subfield code="5">S</marc:subfield>
      <marc:subfield code="a">x  a</marc:subfield>
      <marc:subfield code="b">1008244u    8   1001uu   0901128</marc:subfield>
      <marc:subfield code="e">4</marc:subfield>
    </marc:datafield>
    <marc:datafield tag="841" ind1=" " ind2=" ">
      <marc:subfield code="5">SDB</marc:subfield>
      <marc:subfield code="a">u  a</marc:subfield>
      <marc:subfield code="b">150429||0000|||||001||||||000000</marc:subfield>
      <marc:subfield code="e">1</marc:subfield>
    </marc:datafield>
    <marc:datafield tag="841" ind1=" " ind2=" ">
      <marc:subfield code="5">U</marc:subfield>
      <marc:subfield code="a">x  a</marc:subfield>
      <marc:subfield code="b">1106174u    8   1001uu   0901128</marc:subfield>
      <marc:subfield code="e">4</marc:subfield>
    </marc:datafield>
    <marc:datafield tag="841" ind1=" " ind2=" ">
      <marc:subfield code="5">Umdp</marc:subfield>
      <marc:subfield code="a">x  a</marc:subfield>
      <marc:subfield code="b">1111304u    8   1001uu   0901128</marc:subfield>
      <marc:subfield code="e">1</marc:subfield>
    </marc:datafield>
    <marc:datafield tag="852" ind1=" " ind2=" ">
      <marc:subfield code="5">Arlo</marc:subfield>
      <marc:subfield code="b">Arlo</marc:subfield>
      <marc:subfield code="h">Hce</marc:subfield>
    </marc:datafield>
    <marc:datafield tag="852" ind1=" " ind2=" ">
      <marc:subfield code="5">Bo</marc:subfield>
      <marc:subfield code="b">Bo</marc:subfield>
      <marc:subfield code="t">1</marc:subfield>
      <marc:subfield code="z">Annan upplaga kan finnas vid biblioteket</marc:subfield>
    </marc:datafield>
    <marc:datafield tag="852" ind1=" " ind2=" ">
      <marc:subfield code="5">G</marc:subfield>
      <marc:subfield code="b">G</marc:subfield>
      <marc:subfield code="j">11/586</marc:subfield>
      <marc:subfield code="x">G11f</marc:subfield>
    </marc:datafield>
    <marc:datafield tag="852" ind1=" " ind2=" ">
      <marc:subfield code="5">Gbg</marc:subfield>
      <marc:subfield code="b">Gbg</marc:subfield>
      <marc:subfield code="h">Hce </marc:subfield>
    </marc:datafield>
    <marc:datafield tag="852" ind1=" " ind2=" ">
      <marc:subfield code="5">Gbg</marc:subfield>
      <marc:subfield code="b">Gbg</marc:subfield>
    </marc:datafield>
    <marc:datafield tag="852" ind1="8" ind2=" ">
      <marc:subfield code="5">H</marc:subfield>
      <marc:subfield code="b">H</marc:subfield>
    </marc:datafield>
    <marc:datafield tag="852" ind1="8" ind2=" ">
      <marc:subfield code="5">L</marc:subfield>
      <marc:subfield code="b">L</marc:subfield>
      <marc:subfield code="h">11/</marc:subfield>
      <marc:subfield code="j">1722</marc:subfield>
      <marc:subfield code="x">ar</marc:subfield>
    </marc:datafield>
    <marc:datafield tag="852" ind1="8" ind2=" ">
      <marc:subfield code="5">Li</marc:subfield>
      <marc:subfield code="b">Li</marc:subfield>
      <marc:subfield code="c">VALLA</marc:subfield>
      <marc:subfield code="h">hce</marc:subfield>
      <marc:subfield code="z">Pliktex</marc:subfield>
    </marc:datafield>
    <marc:datafield tag="852" ind1=" " ind2=" ">
      <marc:subfield code="5">Lobj</marc:subfield>
      <marc:subfield code="b">Lobj</marc:subfield>
      <marc:subfield code="h">Hce</marc:subfield>
    </marc:datafield>
    <marc:datafield tag="852" ind1=" " ind2=" ">
      <marc:subfield code="5">Moln</marc:subfield>
      <marc:subfield code="b">Moln</marc:subfield>
    </marc:datafield>
    <marc:datafield tag="852" ind1="8" ind2=" ">
      <marc:subfield code="5">Q</marc:subfield>
      <marc:subfield code="b">Q</marc:subfield>
      <marc:subfield code="c">mag</marc:subfield>
      <marc:subfield code="h">2011-02868</marc:subfield>
    </marc:datafield>
    <marc:datafield tag="852" ind1=" " ind2=" ">
      <marc:subfield code="5">S</marc:subfield>
      <marc:subfield code="b">S</marc:subfield>
      <marc:subfield code="h">Sv2010</marc:subfield>
      <marc:subfield code="j">6227</marc:subfield>
      <marc:subfield code="x">nb2010mon</marc:subfield>
      <marc:subfield code="x">unnhel</marc:subfield>
    </marc:datafield>
    <marc:datafield tag="852" ind1=" " ind2=" ">
      <marc:subfield code="5">SDB</marc:subfield>
      <marc:subfield code="b">SDB</marc:subfield>
    </marc:datafield>
    <marc:datafield tag="852" ind1=" " ind2=" ">
      <marc:subfield code="5">U</marc:subfield>
      <marc:subfield code="b">U</marc:subfield>
      <marc:subfield code="h">Magasin H</marc:subfield>
      <marc:subfield code="j">18697</marc:subfield>
    </marc:datafield>
    <marc:datafield tag="852" ind1=" " ind2=" ">
      <marc:subfield code="5">Umdp</marc:subfield>
      <marc:subfield code="b">Umdp</marc:subfield>
      <marc:subfield code="h">247868</marc:subfield>
    </marc:datafield>
    <marc:datafield tag="900" ind1="1" ind2="s">
      <marc:subfield code="6">100</marc:subfield>
      <marc:subfield code="a">Conan Doyle, Arthur,</marc:subfield>
      <marc:subfield code="d">1859-1930</marc:subfield>
      <marc:subfield code="u">Doyle, Arthur Conan,</marc:subfield>
      <marc:subfield code="c">Sir,</marc:subfield>
      <marc:subfield code="d">1859-1930</marc:subfield>
    </marc:datafield>
    <marc:datafield tag="900" ind1="1" ind2="s">
      <marc:subfield code="6">100</marc:subfield>
      <marc:subfield code="a">Dojl, Artur Konan,</marc:subfield>
      <marc:subfield code="d">1859-1930</marc:subfield>
      <marc:subfield code="u">Doyle, Arthur Conan,</marc:subfield>
      <marc:subfield code="c">Sir,</marc:subfield>
      <marc:subfield code="d">1859-1930</marc:subfield>
    </marc:datafield>
    <marc:datafield tag="900" ind1="1" ind2="s">
      <marc:subfield code="6">100</marc:subfield>
      <marc:subfield code="a">Doyle, Conan,</marc:subfield>
      <marc:subfield code="d">1859-1930</marc:subfield>
      <marc:subfield code="u">Doyle, Arthur Conan,</marc:subfield>
      <marc:subfield code="c">Sir,</marc:subfield>
      <marc:subfield code="d">1859-1930</marc:subfield>
    </marc:datafield>
    <marc:datafield tag="900" ind1="1" ind2="s">
      <marc:subfield code="6">100</marc:subfield>
      <marc:subfield code="a">Doyle, Conan A.,</marc:subfield>
      <marc:subfield code="d">1859-1930</marc:subfield>
      <marc:subfield code="u">Doyle, Arthur Conan,</marc:subfield>
      <marc:subfield code="c">Sir,</marc:subfield>
      <marc:subfield code="d">1859-1930</marc:subfield>
    </marc:datafield>
    <marc:datafield tag="900" ind1="1" ind2="s">
      <marc:subfield code="a">Doyle, Arthur Conan,</marc:subfield>
      <marc:subfield code="c">Sir,</marc:subfield>
      <marc:subfield code="d">1859-1930.</marc:subfield>
      <marc:subfield code="t">Sherlock Holmes i Skräckens dal</marc:subfield>
      <marc:subfield code="u">Doyle, Arthur Conan,</marc:subfield>
      <marc:subfield code="c">Sir,</marc:subfield>
      <marc:subfield code="d">1859-1930.</marc:subfield>
      <marc:subfield code="t">Valley of fear.</marc:subfield>
      <marc:subfield code="l">Svenska</marc:subfield>
    </marc:datafield>
    <marc:datafield tag="900" ind1="1" ind2="s">
      <marc:subfield code="a">Doyle, Arthur Conan,</marc:subfield>
      <marc:subfield code="c">Sir,</marc:subfield>
      <marc:subfield code="d">1859-1930.</marc:subfield>
      <marc:subfield code="t">Fasans dal</marc:subfield>
      <marc:subfield code="u">Doyle, Arthur Conan,</marc:subfield>
      <marc:subfield code="c">Sir,</marc:subfield>
      <marc:subfield code="d">1859-1930.</marc:subfield>
      <marc:subfield code="t">Valley of fear.</marc:subfield>
      <marc:subfield code="l">Svenska</marc:subfield>
    </marc:datafield>
    <marc:datafield tag="900" ind1="1" ind2="s">
      <marc:subfield code="a">Doyle, Arthur Conan,</marc:subfield>
      <marc:subfield code="c">Sir,</marc:subfield>
      <marc:subfield code="d">1859-1930.</marc:subfield>
      <marc:subfield code="t">Fruktans dal</marc:subfield>
      <marc:subfield code="u">Doyle, Arthur Conan,</marc:subfield>
      <marc:subfield code="c">Sir,</marc:subfield>
      <marc:subfield code="d">1859-1930.</marc:subfield>
      <marc:subfield code="t">Valley of fear.</marc:subfield>
      <marc:subfield code="l">Svenska</marc:subfield>
    </marc:datafield>
    <marc:datafield tag="900" ind1="1" ind2="s">
      <marc:subfield code="a">Doyle, Arthur Conan,</marc:subfield>
      <marc:subfield code="c">Sir,</marc:subfield>
      <marc:subfield code="d">1859-1930.</marc:subfield>
      <marc:subfield code="t">Tragedien pä Birlstones herrgärd</marc:subfield>
      <marc:subfield code="u">Doyle, Arthur Conan,</marc:subfield>
      <marc:subfield code="c">Sir,</marc:subfield>
      <marc:subfield code="d">1859-1930.</marc:subfield>
      <marc:subfield code="t">Valley of fear.</marc:subfield>
      <marc:subfield code="l">Svenska</marc:subfield>
    </marc:datafield>
    <marc:datafield tag="949" ind1=" " ind2=" ">
      <marc:subfield code="5">G</marc:subfield>
      <marc:subfield code="A">VIRTUAITEM</marc:subfield>
      <marc:subfield code="D">000440095</marc:subfield>
      <marc:subfield code="F">1</marc:subfield>
      <marc:subfield code="G">000440095</marc:subfield>
      <marc:subfield code="X">8</marc:subfield>
      <marc:subfield code="6">1001831448</marc:subfield>
      <marc:subfield code="a">11/586</marc:subfield>
      <marc:subfield code="t">YNNNN</marc:subfield>
      <marc:subfield code="s">7500</marc:subfield>
    </marc:datafield>
  </marc:record>