
  <marc:record>
    <marc:leader>02634cim a22006497a 4500</marc:leader>
    <marc:controlfield tag="001">11513812</marc:controlfield>
    <marc:controlfield tag="003">LIBRIS</marc:controlfield>
    <marc:controlfield tag="005">20170512092434.0</marc:controlfield>
    <marc:controlfield tag="007">sd||||||||||||</marc:controlfield>
    <marc:controlfield tag="008">090727s2003    sw nnnne ||||||f  n swe c</marc:controlfield>
    <marc:datafield tag="035" ind1=" " ind2=" ">
      <marc:subfield code="a">(MTM)C23447</marc:subfield>
    </marc:datafield>
    <marc:datafield tag="035" ind1=" " ind2=" ">
      <marc:subfield code="5">Mo</marc:subfield>
      <marc:subfield code="a">(Mo)b1516242</marc:subfield>
    </marc:datafield>
    <marc:datafield tag="035" ind1=" " ind2=" ">
      <marc:subfield code="5">Mtm</marc:subfield>
      <marc:subfield code="a">(MTM)C23447</marc:subfield>
    </marc:datafield>
    <marc:datafield tag="040" ind1=" " ind2=" ">
      <marc:subfield code="a">Mtm</marc:subfield>
    </marc:datafield>
    <marc:datafield tag="041" ind1="1" ind2=" ">
      <marc:subfield code="a">swe</marc:subfield>
      <marc:subfield code="h">eng</marc:subfield>
    </marc:datafield>
    <marc:datafield tag="042" ind1=" " ind2=" ">
      <marc:subfield code="9">Mtm</marc:subfield>
    </marc:datafield>
    <marc:datafield tag="046" ind1=" " ind2=" ">
      <marc:subfield code="a">m</marc:subfield>
      <marc:subfield code="m">20000101</marc:subfield>
      <marc:subfield code="n">20000301</marc:subfield>
    </marc:datafield>
    <marc:datafield tag="082" ind1="0" ind2="4">
      <marc:subfield code="a">839.78</marc:subfield>
      <marc:subfield code="2">22 (machine generated)</marc:subfield>
    </marc:datafield>
    <marc:datafield tag="084" ind1=" " ind2=" ">
      <marc:subfield code="a">Hcee.016/TC</marc:subfield>
      <marc:subfield code="2">kssb/8</marc:subfield>
    </marc:datafield>
    <marc:datafield tag="100" ind1=" " ind2=" ">
      <marc:subfield code="a">Doyle, Arthur Conan,</marc:subfield>
      <marc:subfield code="d">1859-1930</marc:subfield>
      <marc:subfield code="0">http://viaf.org/viaf/65283845</marc:subfield>
      <marc:subfield code="4">aut</marc:subfield>
    </marc:datafield>
    <marc:datafield tag="245" ind1="1" ind2="0">
      <marc:subfield code="a">Mästerdetektiven Sherlock Holmes</marc:subfield>
      <marc:subfield code="h">[Ljudupptagning] :</marc:subfield>
      <marc:subfield code="c">Arthur Conan Doyle ; översättning av Curt Berg och Nils Holmberg</marc:subfield>
    </marc:datafield>
    <marc:datafield tag="249" ind1=" " ind2="0">
      <marc:subfield code="a">A study in scarlet</marc:subfield>
    </marc:datafield>
    <marc:datafield tag="249" ind1=" " ind2="0">
      <marc:subfield code="a">The sign of four</marc:subfield>
    </marc:datafield>
    <marc:datafield tag="249" ind1=" " ind2="0">
      <marc:subfield code="a">The hound of the Baskervilles</marc:subfield>
    </marc:datafield>
    <marc:datafield tag="249" ind1=" " ind2="0">
      <marc:subfield code="a">The valley of fear</marc:subfield>
    </marc:datafield>
    <marc:datafield tag="260" ind1=" " ind2=" ">
      <marc:subfield code="a">Enskede :</marc:subfield>
      <marc:subfield code="b">TPB,</marc:subfield>
      <marc:subfield code="c">2003</marc:subfield>
    </marc:datafield>
    <marc:datafield tag="300" ind1=" " ind2=" ">
      <marc:subfield code="a">1 CD-R (20 tim., 18 min.) :</marc:subfield>
      <marc:subfield code="b">mono</marc:subfield>
    </marc:datafield>
    <marc:datafield tag="336" ind1=" " ind2=" ">
      <marc:subfield code="a">text</marc:subfield>
      <marc:subfield code="b">txt</marc:subfield>
      <marc:subfield code="1">http://rdaregistry.info/termList/RDAContentType/1020</marc:subfield>
      <marc:subfield code="2">rdacontent</marc:subfield>
    </marc:datafield>
    <marc:datafield tag="337" ind1=" " ind2=" ">
      <marc:subfield code="a">unmediated</marc:subfield>
      <marc:subfield code="b">n</marc:subfield>
      <marc:subfield code="1">http://rdaregistry.info/termList/RDAMediaType/1007</marc:subfield>
      <marc:subfield code="2">rdamedia</marc:subfield>
    </marc:datafield>
    <marc:datafield tag="338" ind1="1" ind2="0">
      <marc:subfield code="a">volume</marc:subfield>
      <marc:subfield code="b">nc</marc:subfield>
      <marc:subfield code="1">http://rdaregistry.info/termList/RDACarrierType/1049</marc:subfield>
      <marc:subfield code="2">rdacarrier</marc:subfield>
    </marc:datafield>
    <marc:datafield tag="347" ind1=" " ind2=" ">
      <marc:subfield code="a">audio file</marc:subfield>
      <marc:subfield code="b">CD audio</marc:subfield>
      <marc:subfield code="2">rda</marc:subfield>
    </marc:datafield>
    <marc:datafield tag="500" ind1=" " ind2=" ">
      <marc:subfield code="a">Digital talbok (DAISY 2.02), ljud</marc:subfield>
    </marc:datafield>
    <marc:datafield tag="500" ind1=" " ind2=" ">
      <marc:subfield code="a">Inläst av DBF, 1966</marc:subfield>
    </marc:datafield>
    <marc:datafield tag="500" ind1=" " ind2=" ">
      <marc:subfield code="a">överföring av analog inläsning</marc:subfield>
    </marc:datafield>
    <marc:datafield tag="500" ind1=" " ind2=" ">
      <marc:subfield code="a">Inläst ur: Stockholm : Bonnier, 1964</marc:subfield>
    </marc:datafield>
    <marc:datafield tag="505" ind1="8" ind2=" ">
      <marc:subfield code="a">Innehäll: En studie i rött ; De fyras tecken ; Baskervilles hund ; Fruktans dal</marc:subfield>
    </marc:datafield>
    <marc:datafield tag="506" ind1="1" ind2=" ">
      <marc:subfield code="a">Tillgänglig för personer med läsnedsättning enligt � 17 Upphovsrättslagen</marc:subfield>
      <marc:subfield code="u">http://www.mtm.se/om-oss/uppdrag-och-lagar/upphovsrattslagen/</marc:subfield>
    </marc:datafield>
    <marc:datafield tag="520" ind1=" " ind2=" ">
      <marc:subfield code="a">Samlingsvolym som innehäller fyra l�nga berättelser med mästerdetektiven Sherlock Holmes: En studie i rött. De fyras tecken. Baskervilles hund. Fruktans dal. A.C.D., engelsk förf., 1859-1930</marc:subfield>
    </marc:datafield>
    <marc:datafield tag="546" ind1=" " ind2=" ">
      <marc:subfield code="5">Mo</marc:subfield>
      <marc:subfield code="a">svenska</marc:subfield>
    </marc:datafield>
    <marc:datafield tag="599" ind1=" " ind2=" ">
      <marc:subfield code="a">MTM MarcRecordId: 99277</marc:subfield>
    </marc:datafield>
    <marc:datafield tag="599" ind1=" " ind2=" ">
      <marc:subfield code="5">Mtm</marc:subfield>
      <marc:subfield code="a">Posten �ndrad i Legimus 20170522</marc:subfield>
    </marc:datafield>
    <marc:datafield tag="653" ind1=" " ind2=" ">
      <marc:subfield code="a">Deckare</marc:subfield>
    </marc:datafield>
    <marc:datafield tag="655" ind1=" " ind2="4">
      <marc:subfield code="a">DAISY</marc:subfield>
    </marc:datafield>
    <marc:datafield tag="700" ind1="1" ind2=" ">
      <marc:subfield code="a">Doyle, Arthur Conan</marc:subfield>
      <marc:subfield code="t">En studie i rött</marc:subfield>
      <marc:subfield code="0">http://viaf.org/viaf/65283845</marc:subfield>
      <marc:subfield code="4">aut</marc:subfield>
    </marc:datafield>
    <marc:datafield tag="700" ind1="1" ind2=" ">
      <marc:subfield code="a">Doyle, Arthur Conan</marc:subfield>
      <marc:subfield code="t">De fyras tecken</marc:subfield>
      <marc:subfield code="0">http://viaf.org/viaf/65283845</marc:subfield>
      <marc:subfield code="4">aut</marc:subfield>
    </marc:datafield>
    <marc:datafield tag="700" ind1="1" ind2=" ">
      <marc:subfield code="a">Doyle, Arthur Conan</marc:subfield>
      <marc:subfield code="t">Baskervilles hund</marc:subfield>
      <marc:subfield code="0">http://viaf.org/viaf/65283845</marc:subfield>
      <marc:subfield code="4">aut</marc:subfield>
    </marc:datafield>
    <marc:datafield tag="700" ind1="1" ind2=" ">
      <marc:subfield code="a">Doyle, Arthur Conan</marc:subfield>
      <marc:subfield code="t">Fruktans dal</marc:subfield>
      <marc:subfield code="0">http://viaf.org/viaf/65283845</marc:subfield>
      <marc:subfield code="4">aut</marc:subfield>
    </marc:datafield>
    <marc:datafield tag="700" ind1="1" ind2=" ">
      <marc:subfield code="a">Smedberg, Greta</marc:subfield>
      <marc:subfield code="4">nrt</marc:subfield>
      <marc:subfield code="0">http://viaf.org/viaf/103197683</marc:subfield>
    </marc:datafield>
    <marc:datafield tag="740" ind1="0" ind2=" ">
      <marc:subfield code="a">Baskervilles hund</marc:subfield>
    </marc:datafield>
    <marc:datafield tag="740" ind1="0" ind2=" ">
      <marc:subfield code="a">Fruktans dal</marc:subfield>
    </marc:datafield>
    <marc:datafield tag="740" ind1="3" ind2=" ">
      <marc:subfield code="a">En studie i rött</marc:subfield>
    </marc:datafield>
    <marc:datafield tag="740" ind1="3" ind2=" ">
      <marc:subfield code="a">De fyras tecken</marc:subfield>
    </marc:datafield>
    <marc:datafield tag="776" ind1="0" ind2="8">
      <marc:subfield code="i">Inläst ur</marc:subfield>
      <marc:subfield code="t">Mästerdetektiven Sherlock Holmes</marc:subfield>
    </marc:datafield>
    <marc:datafield tag="841" ind1=" " ind2=" ">
      <marc:subfield code="5">Mo</marc:subfield>
      <marc:subfield code="a">x  a</marc:subfield>
      <marc:subfield code="b">090727||0000|||||001||||||000000</marc:subfield>
      <marc:subfield code="e">1</marc:subfield>
    </marc:datafield>
    <marc:datafield tag="841" ind1=" " ind2=" ">
      <marc:subfield code="5">Mtm</marc:subfield>
      <marc:subfield code="a">x  a</marc:subfield>
      <marc:subfield code="b">170522||0000|||||000||||||000000</marc:subfield>
      <marc:subfield code="e">1</marc:subfield>
    </marc:datafield>
    <marc:datafield tag="852" ind1=" " ind2=" ">
      <marc:subfield code="5">Mo</marc:subfield>
      <marc:subfield code="b">Mo</marc:subfield>
      <marc:subfield code="h">Hce/TC</marc:subfield>
    </marc:datafield>
    <marc:datafield tag="852" ind1=" " ind2=" ">
      <marc:subfield code="5">Mtm</marc:subfield>
      <marc:subfield code="b">Mtm</marc:subfield>
      <marc:subfield code="h">Hce/TC</marc:subfield>
    </marc:datafield>
    <marc:datafield tag="856" ind1=" " ind2=" ">
      <marc:subfield code="s">440436744</marc:subfield>
    </marc:datafield>
    <marc:datafield tag="856" ind1="4" ind2="0">
      <marc:subfield code="5">Mtm</marc:subfield>
      <marc:subfield code="u">http://www.legimus.se/work/redirect?MedieNr=C23447</marc:subfield>
      <marc:subfield code="z">Ladda ner. Tillgänglig för personer med läsnedsättning enligt � 17 Upphovsrättslagen</marc:subfield>
    </marc:datafield>
    <marc:datafield tag="886" ind1="0" ind2=" ">
      <marc:subfield code="2">BURK IV</marc:subfield>
      <marc:subfield code="b">PICASWSW0190SWES BD</marc:subfield>
    </marc:datafield>
  </marc:record>