
  <marc:record>
    <marc:leader>00854nam a2200277 c 4500</marc:leader>
    <marc:controlfield tag="001">a5754363</marc:controlfield>
    <marc:controlfield tag="003">SpMaBN</marc:controlfield>
    <marc:controlfield tag="005">20160222124827.2</marc:controlfield>
    <marc:controlfield tag="008">160211s2015    sp     | |||| 000 f eng  </marc:controlfield>
    <marc:datafield tag="015" ind1=" " ind2=" ">
      <marc:subfield code="a">MON1602</marc:subfield>
    </marc:datafield>
    <marc:datafield tag="017" ind1=" " ind2=" ">
      <marc:subfield code="a">VA 889-2015</marc:subfield>
      <marc:subfield code="b">Oficina Depósito Legal Valladolid</marc:subfield>
    </marc:datafield>
    <marc:datafield tag="020" ind1=" " ind2=" ">
      <marc:subfield code="a">978-84-9001-924-5</marc:subfield>
    </marc:datafield>
    <marc:datafield tag="035" ind1=" " ind2=" ">
      <marc:subfield code="a">(OCoLC)943678119</marc:subfield>
    </marc:datafield>
    <marc:datafield tag="040" ind1=" " ind2=" ">
      <marc:subfield code="a">SpMaBN</marc:subfield>
      <marc:subfield code="b">spa</marc:subfield>
      <marc:subfield code="c">SpMaBN</marc:subfield>
      <marc:subfield code="e">rdc</marc:subfield>
    </marc:datafield>
    <marc:datafield tag="080" ind1=" " ind2=" ">
      <marc:subfield code="a">821.111-31"18"</marc:subfield>
    </marc:datafield>
    <marc:datafield tag="100" ind1=" " ind2=" ">
      <marc:subfield code="a">Doyle, Arthur Conan,</marc:subfield>
      <marc:subfield code="d">1859-1930</marc:subfield>
      <marc:subfield code="0">http://viaf.org/viaf/65283845</marc:subfield>
      <marc:subfield code="4">aut</marc:subfield>
    </marc:datafield>
    <marc:datafield tag="245" ind1="1" ind2="4">
      <marc:subfield code="a">The valley of fear</marc:subfield>
      <marc:subfield code="c">Arthur Conan Doyle</marc:subfield>
    </marc:datafield>
    <marc:datafield tag="260" ind1=" " ind2=" ">
      <marc:subfield code="a">Valladolid</marc:subfield>
      <marc:subfield code="b">Maxtor</marc:subfield>
      <marc:subfield code="c">D.L. 2015</marc:subfield>
    </marc:datafield>
    <marc:datafield tag="300" ind1=" " ind2=" ">
      <marc:subfield code="a">210 p.</marc:subfield>
      <marc:subfield code="c">18 cm</marc:subfield>
    </marc:datafield>
    <marc:datafield tag="336" ind1=" " ind2=" ">
      <marc:subfield code="a">text</marc:subfield>
      <marc:subfield code="b">txt</marc:subfield>
      <marc:subfield code="1">http://rdaregistry.info/termList/RDAContentType/1020</marc:subfield>
      <marc:subfield code="2">rdacontent</marc:subfield>
    </marc:datafield>
    <marc:datafield tag="337" ind1=" " ind2=" ">
      <marc:subfield code="a">unmediated</marc:subfield>
      <marc:subfield code="b">n</marc:subfield>
      <marc:subfield code="1">http://rdaregistry.info/termList/RDAMediaType/1007</marc:subfield>
      <marc:subfield code="2">rdamedia</marc:subfield>
    </marc:datafield>
    <marc:datafield tag="338" ind1="1" ind2="0">
      <marc:subfield code="a">volume</marc:subfield>
      <marc:subfield code="b">nc</marc:subfield>
      <marc:subfield code="1">http://rdaregistry.info/termList/RDACarrierType/1049</marc:subfield>
      <marc:subfield code="2">rdacarrier</marc:subfield>
    </marc:datafield>
    <marc:datafield tag="490" ind1="0" ind2=" ">
      <marc:subfield code="a">Maxtor classics</marc:subfield>
    </marc:datafield>
    <marc:datafield tag="994" ind1=" " ind2=" ">
      <marc:subfield code="a">MONOMODERN</marc:subfield>
    </marc:datafield>
    <marc:datafield tag="956" ind1=" " ind2=" ">
      <marc:subfield code="a">2</marc:subfield>
    </marc:datafield>
    <marc:datafield tag="926" ind1=" " ind2=" ">
      <marc:subfield code="a">BNALCALA</marc:subfield>
      <marc:subfield code="b">SG_PETANTI</marc:subfield>
      <marc:subfield code="c">12/1082382</marc:subfield>
      <marc:subfield code="d">FONDO_MODE</marc:subfield>
      <marc:subfield code="f">1</marc:subfield>
    </marc:datafield>
    <marc:datafield tag="926" ind1=" " ind2=" ">
      <marc:subfield code="a">BNALCALA</marc:subfield>
      <marc:subfield code="b">CONSERVACI</marc:subfield>
      <marc:subfield code="c">DL/2385385</marc:subfield>
      <marc:subfield code="d">NO_PRESTA</marc:subfield>
      <marc:subfield code="f">1</marc:subfield>
    </marc:datafield>
  </marc:record>