
  <marc:record>
    <marc:leader>02260nem a2200433 c 4500</marc:leader>
    <marc:controlfield tag="001">a5678833</marc:controlfield>
    <marc:controlfield tag="003">SpMaBN</marc:controlfield>
    <marc:controlfield tag="005">20160901100213.5</marc:controlfield>
    <marc:controlfield tag="007">aj*canzn</marc:controlfield>
    <marc:controlfield tag="008">150810s2014    sp        a     0   spa  </marc:controlfield>
    <marc:datafield tag="015" ind1=" " ind2=" ">
      <marc:subfield code="a">MAP15</marc:subfield>
    </marc:datafield>
    <marc:datafield tag="017" ind1=" " ind2=" ">
      <marc:subfield code="a">AS 4117-2014</marc:subfield>
      <marc:subfield code="b">Oficina Depósito Legal Asturias</marc:subfield>
    </marc:datafield>
    <marc:datafield tag="020" ind1=" " ind2=" ">
      <marc:subfield code="a">978-84-943016-5-0</marc:subfield>
    </marc:datafield>
    <marc:datafield tag="034" ind1="1" ind2=" ">
      <marc:subfield code="a">a</marc:subfield>
      <marc:subfield code="b">14200</marc:subfield>
    </marc:datafield>
    <marc:datafield tag="035" ind1=" " ind2=" ">
      <marc:subfield code="a">(OCoLC)922114082</marc:subfield>
    </marc:datafield>
    <marc:datafield tag="040" ind1=" " ind2=" ">
      <marc:subfield code="a">SpMaBN</marc:subfield>
      <marc:subfield code="b">spa</marc:subfield>
      <marc:subfield code="c">SpMaBN</marc:subfield>
      <marc:subfield code="e">rdc</marc:subfield>
    </marc:datafield>
    <marc:datafield tag="045" ind1="1" ind2=" ">
      <marc:subfield code="b">d 1891 </marc:subfield>
      <marc:subfield code="b">d 1895</marc:subfield>
    </marc:datafield>
    <marc:datafield tag="080" ind1=" " ind2=" ">
      <marc:subfield code="a">(410.111.11)</marc:subfield>
    </marc:datafield>
    <marc:datafield tag="245" ind1="0" ind2="0">
      <marc:subfield code="a">Reynold's distance Map of London with Doctor Watson :</marc:subfield>
      <marc:subfield code="b">with the important places in all his novels : A Study in Scarlet, The Sign of four, The Hound of Baskervilles and The Valley of Fear</marc:subfield>
    </marc:datafield>
    <marc:datafield tag="255" ind1=" " ind2=" ">
      <marc:subfield code="a">Scale [ca. 14.200]. 1 quarter-mile [=2.9 cm]</marc:subfield>
    </marc:datafield>
    <marc:datafield tag="260" ind1=" " ind2=" ">
      <marc:subfield code="a">Gijón</marc:subfield>
      <marc:subfield code="b">Aventuras Literarias</marc:subfield>
      <marc:subfield code="c">D.L. 2014</marc:subfield>
    </marc:datafield>
    <marc:datafield tag="300" ind1=" " ind2=" ">
      <marc:subfield code="a">1 plano</marc:subfield>
      <marc:subfield code="b">col.</marc:subfield>
      <marc:subfield code="b">64 x 97 cm</marc:subfield>
    </marc:datafield>
    <marc:datafield tag="336" ind1=" " ind2=" ">
      <marc:subfield code="a">text</marc:subfield>
      <marc:subfield code="b">txt</marc:subfield>
      <marc:subfield code="1">http://rdaregistry.info/termList/RDAContentType/1020</marc:subfield>
      <marc:subfield code="2">rdacontent</marc:subfield>
    </marc:datafield>
    <marc:datafield tag="337" ind1=" " ind2=" ">
      <marc:subfield code="a">unmediated</marc:subfield>
      <marc:subfield code="b">n</marc:subfield>
      <marc:subfield code="1">http://rdaregistry.info/termList/RDAMediaType/1007</marc:subfield>
      <marc:subfield code="2">rdamedia</marc:subfield>
    </marc:datafield>
    <marc:datafield tag="338" ind1="1" ind2="0">
      <marc:subfield code="a">volume</marc:subfield>
      <marc:subfield code="b">nc</marc:subfield>
      <marc:subfield code="1">http://rdaregistry.info/termList/RDACarrierType/1049</marc:subfield>
      <marc:subfield code="2">rdacarrier</marc:subfield>
    </marc:datafield>
    <marc:datafield tag="501" ind1=" " ind2=" ">
      <marc:subfield code="a">Al verso: Mapa "12 millas alrededor de Londres", con indicación de lugares de las cuatro novelas; textos relacionados con las novelas y con el personaje de Sherlock Holmes; relación de  lugares de interés señalados en el plano y en el mapa</marc:subfield>
    </marc:datafield>
    <marc:datafield tag="546" ind1=" " ind2=" ">
      <marc:subfield code="a">Texto en español</marc:subfield>
    </marc:datafield>
    <marc:datafield tag="592" ind1=" " ind2=" ">
      <marc:subfield code="a">Márgenes graduados.- Diferenciados con números y colores los lugares incluidos en las cuatro novelas.- Líneas de omnibus y tranvía. - Coloreados parques, cementerios y estaciones de transportes</marc:subfield>
    </marc:datafield>
    <marc:datafield tag="594" ind1=" " ind2=" ">
      <marc:subfield code="a">Título de la cubierta: Londres : Sherlock holmes, un recorrido por Londres acompañando a Sherlock Holmes y al Doctor Watson</marc:subfield>
    </marc:datafield>
    <marc:datafield tag="595" ind1=" " ind2=" ">
      <marc:subfield code="a">El plano es reproducción de  "Reynold's Distance Map of London with de Recent Improvements", publicado por James Reynolds &amp; Sons, 1891</marc:subfield>
    </marc:datafield>
    <marc:datafield tag="595" ind1=" " ind2=" ">
      <marc:subfield code="a">El mapa al verso de la hoja, reproduce un fragmento de "Bacon's New Map of the Environs of London", 1895</marc:subfield>
    </marc:datafield>
    <marc:datafield tag="651" ind1=" " ind2="7">
      <marc:subfield code="a">Londres</marc:subfield>
      <marc:subfield code="v">Planos</marc:subfield>
      <marc:subfield code="2">embne</marc:subfield>
    </marc:datafield>
    <marc:datafield tag="655" ind1=" " ind2="7">
      <marc:subfield code="a">Planos de población</marc:subfield>
      <marc:subfield code="2">tgfbne</marc:subfield>
    </marc:datafield>
    <marc:datafield tag="710" ind1="2" ind2=" ">
      <marc:subfield code="a">Aventuras Literarias S.L.</marc:subfield>
    </marc:datafield>
    <marc:datafield tag="752" ind1=" " ind2=" ">
      <marc:subfield code="a">Gran Bretaña</marc:subfield>
      <marc:subfield code="d">Londres</marc:subfield>
    </marc:datafield>
    <marc:datafield tag="994" ind1=" " ind2=" ">
      <marc:subfield code="a">CARTOGRAFI</marc:subfield>
    </marc:datafield>
    <marc:datafield tag="956" ind1=" " ind2=" ">
      <marc:subfield code="a">1 2</marc:subfield>
    </marc:datafield>
    <marc:datafield tag="926" ind1=" " ind2=" ">
      <marc:subfield code="a">BNMADRID</marc:subfield>
      <marc:subfield code="b">GOYA-CARTO</marc:subfield>
      <marc:subfield code="c">GM-MAP/12375</marc:subfield>
      <marc:subfield code="d">FONDO_MODE</marc:subfield>
      <marc:subfield code="f">1</marc:subfield>
    </marc:datafield>
    <marc:datafield tag="926" ind1=" " ind2=" ">
      <marc:subfield code="a">BNALCALA</marc:subfield>
      <marc:subfield code="b">CONSERVACI</marc:subfield>
      <marc:subfield code="c">GM-ALC/30060</marc:subfield>
      <marc:subfield code="d">NO_PRESTA</marc:subfield>
      <marc:subfield code="f">1</marc:subfield>
    </marc:datafield>
  </marc:record>