
  <marc:record>
    <marc:leader>01431nam a2200397 c 4500</marc:leader>
    <marc:controlfield tag="001">a5547371</marc:controlfield>
    <marc:controlfield tag="003">SpMaBN</marc:controlfield>
    <marc:controlfield tag="005">20150203202549.3</marc:controlfield>
    <marc:controlfield tag="008">141003s2014    sp     | |||| 000 f spa  </marc:controlfield>
    <marc:datafield tag="015" ind1=" " ind2=" ">
      <marc:subfield code="a">MON1410</marc:subfield>
    </marc:datafield>
    <marc:datafield tag="017" ind1=" " ind2=" ">
      <marc:subfield code="a">M 15407-2014</marc:subfield>
      <marc:subfield code="b">Oficina Depósito Legal Madrid</marc:subfield>
    </marc:datafield>
    <marc:datafield tag="020" ind1=" " ind2=" ">
      <marc:subfield code="a">978-84-206-8976-0</marc:subfield>
    </marc:datafield>
    <marc:datafield tag="035" ind1=" " ind2=" ">
      <marc:subfield code="a">(OCoLC)894635791</marc:subfield>
    </marc:datafield>
    <marc:datafield tag="040" ind1=" " ind2=" ">
      <marc:subfield code="a">SpMaBN</marc:subfield>
      <marc:subfield code="b">spa</marc:subfield>
      <marc:subfield code="c">SpMaBN</marc:subfield>
      <marc:subfield code="e">rdc</marc:subfield>
    </marc:datafield>
    <marc:datafield tag="041" ind1="1" ind2=" ">
      <marc:subfield code="a">spa</marc:subfield>
      <marc:subfield code="h">eng</marc:subfield>
    </marc:datafield>
    <marc:datafield tag="080" ind1=" " ind2=" ">
      <marc:subfield code="a">821.111-31"18"</marc:subfield>
    </marc:datafield>
    <marc:datafield tag="100" ind1=" " ind2=" ">
      <marc:subfield code="a">Doyle, Arthur Conan,</marc:subfield>
      <marc:subfield code="d">1859-1930</marc:subfield>
      <marc:subfield code="0">http://viaf.org/viaf/65283845</marc:subfield>
      <marc:subfield code="4">aut</marc:subfield>
    </marc:datafield>
    <marc:datafield tag="240" ind1="1" ind2="2">
      <marc:subfield code="a">A study in scarlet</marc:subfield>
      <marc:subfield code="l">Español</marc:subfield>
    </marc:datafield>
    <marc:datafield tag="245" ind1="1" ind2="0">
      <marc:subfield code="a">Sherlock Holmes</marc:subfield>
      <marc:subfield code="c">Arthur Conan Doyle ; traducción y notas de Álvaro Delgado Gal y Miguel Ángel Pérez Pérez</marc:subfield>
    </marc:datafield>
    <marc:datafield tag="260" ind1=" " ind2=" ">
      <marc:subfield code="a">Madrid</marc:subfield>
      <marc:subfield code="b">Alianza Editorial</marc:subfield>
      <marc:subfield code="c">D.L. 2014</marc:subfield>
    </marc:datafield>
    <marc:datafield tag="300" ind1=" " ind2=" ">
      <marc:subfield code="a">422 p.</marc:subfield>
      <marc:subfield code="c">19 cm</marc:subfield>
    </marc:datafield>
    <marc:datafield tag="336" ind1=" " ind2=" ">
      <marc:subfield code="a">text</marc:subfield>
      <marc:subfield code="b">txt</marc:subfield>
      <marc:subfield code="1">http://rdaregistry.info/termList/RDAContentType/1020</marc:subfield>
      <marc:subfield code="2">rdacontent</marc:subfield>
    </marc:datafield>
    <marc:datafield tag="337" ind1=" " ind2=" ">
      <marc:subfield code="a">unmediated</marc:subfield>
      <marc:subfield code="b">n</marc:subfield>
      <marc:subfield code="1">http://rdaregistry.info/termList/RDAMediaType/1007</marc:subfield>
      <marc:subfield code="2">rdamedia</marc:subfield>
    </marc:datafield>
    <marc:datafield tag="338" ind1="1" ind2="0">
      <marc:subfield code="a">volume</marc:subfield>
      <marc:subfield code="b">nc</marc:subfield>
      <marc:subfield code="1">http://rdaregistry.info/termList/RDACarrierType/1049</marc:subfield>
      <marc:subfield code="2">rdacarrier</marc:subfield>
    </marc:datafield>
    <marc:datafield tag="490" ind1="0" ind2=" ">
      <marc:subfield code="a">1320</marc:subfield>
    </marc:datafield>
    <marc:datafield tag="490" ind1="1" ind2=" ">
      <marc:subfield code="a">Las novelas</marc:subfield>
      <marc:subfield code="v">1</marc:subfield>
    </marc:datafield>
    <marc:datafield tag="505" ind1="0" ind2=" ">
      <marc:subfield code="a">Estudio en escarlata ; El valle del terror</marc:subfield>
    </marc:datafield>
    <marc:datafield tag="700" ind1="1" ind2=" ">
      <marc:subfield code="a">Doyle, Arthur Conan,</marc:subfield>
      <marc:subfield code="c">Sir</marc:subfield>
      <marc:subfield code="d">1859-1930</marc:subfield>
      <marc:subfield code="t">The valley of fear</marc:subfield>
      <marc:subfield code="l">Español</marc:subfield>
      <marc:subfield code="0">http://viaf.org/viaf/65283845</marc:subfield>
      <marc:subfield code="4">aut</marc:subfield>
    </marc:datafield>
    <marc:datafield tag="700" ind1="1" ind2=" ">
      <marc:subfield code="a">Pérez Pérez, Miguel Ángel</marc:subfield>
      <marc:subfield code="d">1963-</marc:subfield>
      <marc:subfield code="e">traductor</marc:subfield>
      <marc:subfield code="4">trl</marc:subfield>
      <marc:subfield code="0">http://viaf.org/viaf/46481983</marc:subfield>
    </marc:datafield>
    <marc:datafield tag="700" ind1="1" ind2=" ">
      <marc:subfield code="a">Delgado Gal, Álvaro</marc:subfield>
      <marc:subfield code="d">1953-</marc:subfield>
      <marc:subfield code="e">traductor</marc:subfield>
      <marc:subfield code="4">trl</marc:subfield>
    </marc:datafield>
    <marc:datafield tag="740" ind1="0" ind2="2">
      <marc:subfield code="a">Estudio en escarlata</marc:subfield>
    </marc:datafield>
    <marc:datafield tag="740" ind1="3" ind2="2">
      <marc:subfield code="a">El valle del terror</marc:subfield>
    </marc:datafield>
    <marc:datafield tag="800" ind1="1" ind2=" ">
      <marc:subfield code="a">Doyle, Arthur Conan,</marc:subfield>
      <marc:subfield code="c">Sir</marc:subfield>
      <marc:subfield code="d">1859-1930</marc:subfield>
      <marc:subfield code="t">Las novelas</marc:subfield>
      <marc:subfield code="v">1</marc:subfield>
    </marc:datafield>
    <marc:datafield tag="994" ind1=" " ind2=" ">
      <marc:subfield code="a">MONOMODERN</marc:subfield>
    </marc:datafield>
    <marc:datafield tag="956" ind1=" " ind2=" ">
      <marc:subfield code="a">2</marc:subfield>
    </marc:datafield>
    <marc:datafield tag="926" ind1=" " ind2=" ">
      <marc:subfield code="a">BNALCALA</marc:subfield>
      <marc:subfield code="b">SG_PETANTI</marc:subfield>
      <marc:subfield code="c">12/996669</marc:subfield>
      <marc:subfield code="d">FONDO_MODE</marc:subfield>
      <marc:subfield code="f">1</marc:subfield>
    </marc:datafield>
    <marc:datafield tag="926" ind1=" " ind2=" ">
      <marc:subfield code="a">BNALCALA</marc:subfield>
      <marc:subfield code="b">CONSERVACI</marc:subfield>
      <marc:subfield code="c">DL/2288973</marc:subfield>
      <marc:subfield code="d">NO_PRESTA</marc:subfield>
      <marc:subfield code="f">1</marc:subfield>
    </marc:datafield>
  </marc:record>