
  <marc:record>
    <marc:leader>01060nam a2200217 a 450 </marc:leader>
    <marc:controlfield tag="001">0015216</marc:controlfield>
    <marc:controlfield tag="008">870402b                          0bnob  </marc:controlfield>
    <marc:datafield tag="015" ind1=" " ind2=" ">
      <marc:subfield code="a">188265</marc:subfield>
    </marc:datafield>
    <marc:datafield tag="020" ind1=" " ind2=" ">
      <marc:subfield code="a">8252510310</marc:subfield>
    </marc:datafield>
    <marc:datafield tag="082" ind1="1" ind2="4">
      <marc:subfield code="a">820</marc:subfield>
    </marc:datafield>
    <marc:datafield tag="245" ind1="0" ind2="0">
      <marc:subfield code="a">Redselen i Deptford :</marc:subfield>
      <marc:subfield code="b">og andre studier i Sherlock Holmes /</marc:subfield>
      <marc:subfield code="c">utv. og red. ved Nils Nordberg</marc:subfield>
    </marc:datafield>
    <marc:datafield tag="260" ind1=" " ind2=" ">
      <marc:subfield code="a">[Stabekk] :</marc:subfield>
      <marc:subfield code="b">Den Norske bokklubben,</marc:subfield>
      <marc:subfield code="c">[1980]</marc:subfield>
    </marc:datafield>
    <marc:datafield tag="300" ind1=" " ind2=" ">
      <marc:subfield code="a">261 s. ;</marc:subfield>
      <marc:subfield code="c">20 cm</marc:subfield>
    </marc:datafield>
    <marc:datafield tag="336" ind1=" " ind2=" ">
      <marc:subfield code="a">text</marc:subfield>
      <marc:subfield code="b">txt</marc:subfield>
      <marc:subfield code="1">http://rdaregistry.info/termList/RDAContentType/1020</marc:subfield>
      <marc:subfield code="2">rdacontent</marc:subfield>
    </marc:datafield>
    <marc:datafield tag="337" ind1=" " ind2=" ">
      <marc:subfield code="a">unmediated</marc:subfield>
      <marc:subfield code="b">n</marc:subfield>
      <marc:subfield code="1">http://rdaregistry.info/termList/RDAMediaType/1007</marc:subfield>
      <marc:subfield code="2">rdamedia</marc:subfield>
    </marc:datafield>
    <marc:datafield tag="338" ind1="1" ind2="0">
      <marc:subfield code="a">volume</marc:subfield>
      <marc:subfield code="b">nc</marc:subfield>
      <marc:subfield code="1">http://rdaregistry.info/termList/RDACarrierType/1049</marc:subfield>
      <marc:subfield code="2">rdacarrier</marc:subfield>
    </marc:datafield>
    <marc:datafield tag="490" ind1="0" ind2=" ">
      <marc:subfield code="a">Sherlock Holmes</marc:subfield>
    </marc:datafield>
    <marc:datafield tag="600" ind1=" " ind2="4">
      <marc:subfield code="a">Doyle, Arthur Conan,</marc:subfield>
      <marc:subfield code="d">1859-1930</marc:subfield>
      <marc:subfield code="0">http://viaf.org/viaf/65283845</marc:subfield>
    </marc:datafield>
    <marc:datafield tag="700" ind1=" " ind2=" ">
      <marc:subfield code="a">Nordberg, Nils,</marc:subfield>
      <marc:subfield code="d">1942-,</marc:subfield>
      <marc:subfield code="e">red.</marc:subfield>
      <marc:subfield code="0">http://viaf.org/viaf/41825269</marc:subfield>
      <marc:subfield code="4">drt</marc:subfield>
    </marc:datafield>
    <marc:datafield tag="852" ind1=" " ind2=" ">
      <marc:subfield code="a">Trondheim folkebibliotek</marc:subfield>
      <marc:subfield code="b">Fylkesbiblioteket(Hovedbiblioteket)- stfv</marc:subfield>
      <marc:subfield code="c">hovedmag</marc:subfield>
    </marc:datafield>
  </marc:record>