
  <marc:record>
    <marc:leader>00989nam a2200229 a 450 </marc:leader>
    <marc:controlfield tag="001">0099037</marc:controlfield>
    <marc:controlfield tag="008">870402b                          0bnob  </marc:controlfield>
    <marc:datafield tag="015" ind1=" " ind2=" ">
      <marc:subfield code="a">1249693</marc:subfield>
    </marc:datafield>
    <marc:datafield tag="020" ind1=" " ind2=" ">
      <marc:subfield code="a">8244500093</marc:subfield>
    </marc:datafield>
    <marc:datafield tag="020" ind1=" " ind2=" ">
      <marc:subfield code="a">8244500107</marc:subfield>
    </marc:datafield>
    <marc:datafield tag="082" ind1="1" ind2="4">
      <marc:subfield code="a">820</marc:subfield>
    </marc:datafield>
    <marc:datafield tag="245" ind1="0" ind2="0">
      <marc:subfield code="a">Redselen i Deptford :</marc:subfield>
      <marc:subfield code="b">og andre studier i Sherlock Holmes /</marc:subfield>
      <marc:subfield code="c">utvalg og redaksjon ved Nils Nordberg</marc:subfield>
    </marc:datafield>
    <marc:datafield tag="260" ind1=" " ind2=" ">
      <marc:subfield code="a">[Oslo] :</marc:subfield>
      <marc:subfield code="b">Libriarte,</marc:subfield>
      <marc:subfield code="c">[199-?]</marc:subfield>
    </marc:datafield>
    <marc:datafield tag="300" ind1=" " ind2=" ">
      <marc:subfield code="a">261 s. :</marc:subfield>
      <marc:subfield code="b">ill.</marc:subfield>
    </marc:datafield>
    <marc:datafield tag="440" ind1=" " ind2="0">
      <marc:subfield code="a">Sherlock Holmes</marc:subfield>
    </marc:datafield>
    <marc:datafield tag="500" ind1=" " ind2=" ">
      <marc:subfield code="a">Originalillustrasjoner fra: The strand</marc:subfield>
    </marc:datafield>
    <marc:datafield tag="600" ind1=" " ind2="4">
      <marc:subfield code="a">Doyle, Arthur Conan,</marc:subfield>
      <marc:subfield code="d">1859-1930</marc:subfield>
      <marc:subfield code="0">http://viaf.org/viaf/65283845</marc:subfield>
    </marc:datafield>
    <marc:datafield tag="700" ind1=" " ind2=" ">
      <marc:subfield code="a">Nordberg, Nils,</marc:subfield>
      <marc:subfield code="d">1942-,</marc:subfield>
      <marc:subfield code="e">red.</marc:subfield>
      <marc:subfield code="0">http://viaf.org/viaf/41825269</marc:subfield>
      <marc:subfield code="4">drt</marc:subfield>
    </marc:datafield>
    <marc:datafield tag="852" ind1=" " ind2=" ">
      <marc:subfield code="a">Trondheim folkebibliotek</marc:subfield>
      <marc:subfield code="b">Trondheim fengsel - biblioteket</marc:subfield>
    </marc:datafield>
  </marc:record>