
  <marc:record>
    <marc:leader>01443nam a2200217 a 450 </marc:leader>
    <marc:controlfield tag="001">0436572</marc:controlfield>
    <marc:controlfield tag="008">141127b                          1 eng  </marc:controlfield>
    <marc:datafield tag="015" ind1=" " ind2=" ">
      <marc:subfield code="a">10222213</marc:subfield>
    </marc:datafield>
    <marc:datafield tag="020" ind1=" " ind2=" ">
      <marc:subfield code="a">978-1-853-75889-8</marc:subfield>
    </marc:datafield>
    <marc:datafield tag="041" ind1=" " ind2=" ">
      <marc:subfield code="a">eng</marc:subfield>
      <marc:subfield code="b">danfinnobswe</marc:subfield>
      <marc:subfield code="h">eng</marc:subfield>
    </marc:datafield>
    <marc:datafield tag="100" ind1=" " ind2=" ">
      <marc:subfield code="a">Doyle, Arthur Conan,</marc:subfield>
      <marc:subfield code="d">1859-1930</marc:subfield>
      <marc:subfield code="0">http://viaf.org/viaf/65283845</marc:subfield>
      <marc:subfield code="4">aut</marc:subfield>
    </marc:datafield>
    <marc:datafield tag="245" ind1=" " ind2="0">
      <marc:subfield code="a">Sherlock Holmes :</marc:subfield>
      <marc:subfield code="b">24 classic short stories /</marc:subfield>
      <marc:subfield code="c">Sir Arthur Conan Doyle</marc:subfield>
    </marc:datafield>
    <marc:datafield tag="260" ind1=" " ind2=" ">
      <marc:subfield code="a">London :</marc:subfield>
      <marc:subfield code="b">Prion,</marc:subfield>
      <marc:subfield code="c">2012</marc:subfield>
    </marc:datafield>
    <marc:datafield tag="300" ind1=" " ind2=" ">
      <marc:subfield code="a">655 s.</marc:subfield>
    </marc:datafield>
    <marc:datafield tag="336" ind1=" " ind2=" ">
      <marc:subfield code="a">text</marc:subfield>
      <marc:subfield code="b">txt</marc:subfield>
      <marc:subfield code="1">http://rdaregistry.info/termList/RDAContentType/1020</marc:subfield>
      <marc:subfield code="2">rdacontent</marc:subfield>
    </marc:datafield>
    <marc:datafield tag="337" ind1=" " ind2=" ">
      <marc:subfield code="a">unmediated</marc:subfield>
      <marc:subfield code="b">n</marc:subfield>
      <marc:subfield code="1">http://rdaregistry.info/termList/RDAMediaType/1007</marc:subfield>
      <marc:subfield code="2">rdamedia</marc:subfield>
    </marc:datafield>
    <marc:datafield tag="338" ind1="1" ind2="0">
      <marc:subfield code="a">volume</marc:subfield>
      <marc:subfield code="b">nc</marc:subfield>
      <marc:subfield code="1">http://rdaregistry.info/termList/RDACarrierType/1049</marc:subfield>
      <marc:subfield code="2">rdacarrier</marc:subfield>
    </marc:datafield>
    <marc:datafield tag="505" ind1="1" ind2=" ">
      <marc:subfield code="a">Innheolder: The adventures of Sherlock Holmes. A scandal in Bohemia ; The red-headed league ; A case of identity ; The Boscombe Valley mystery ; The five orange pips ; The man with the twisted lip ; The blue carbuncle ; The speckled band ; The engineer's thumb ; The noble bachelor ; The Beryl Coronet ; The copper beeches ; The memoirs of Sherlock Holmes. Silver Blaze ; The cardboard box ; The yellow face ; ve ritual ; The Reigate squires ; The crooked man ; The resident patient ; The Greek interpreter ; The naval treaty ; The final problem</marc:subfield>
    </marc:datafield>
    <marc:datafield tag="655" ind1=" " ind2=" ">
      <marc:subfield code="a">Krim</marc:subfield>
    </marc:datafield>
    <marc:datafield tag="700" ind1=" " ind2=" ">
      <marc:subfield code="a">Bruce, Nigel,</marc:subfield>
      <marc:subfield code="d">1895-1953,</marc:subfield>
      <marc:subfield code="e">skuesp.</marc:subfield>
      <marc:subfield code="4">http://viaf.org/viaf/34646114</marc:subfield>
      <marc:subfield code="4">act</marc:subfield>
    </marc:datafield>
    <marc:datafield tag="852" ind1=" " ind2=" ">
      <marc:subfield code="a">Trondheim folkebibliotek</marc:subfield>
      <marc:subfield code="b">Hovedbiblioteket - voksen</marc:subfield>
    </marc:datafield>
  </marc:record>