
  <marc:record>
    <marc:leader>01172nam a2200253 a 450 </marc:leader>
    <marc:controlfield tag="001">1001595</marc:controlfield>
    <marc:controlfield tag="008">40376 b                          1 tha  </marc:controlfield>
    <marc:datafield tag="015" ind1=" " ind2=" ">
      <marc:subfield code="a">1079972</marc:subfield>
    </marc:datafield>
    <marc:datafield tag="015" ind1=" " ind2=" ">
      <marc:subfield code="a"/>
    </marc:datafield>
    <marc:datafield tag="020" ind1=" " ind2=" ">
      <marc:subfield code="a">978-974-475-190-4</marc:subfield>
    </marc:datafield>
    <marc:datafield tag="100" ind1=" " ind2=" ">
      <marc:subfield code="a">Doyle, Arthur Conan,</marc:subfield>
      <marc:subfield code="d">1859-1930</marc:subfield>
      <marc:subfield code="0">http://viaf.org/viaf/65283845</marc:subfield>
      <marc:subfield code="4">aut</marc:subfield>
    </marc:datafield>
    <marc:datafield tag="245" ind1="1" ind2="0">
      <marc:subfield code="a">Bantuekkadee :</marc:subfield>
      <marc:subfield code="b">Sherlock Holmes ; The case-book of Sherlock Holmes /</marc:subfield>
      <marc:subfield code="c">Arthur Conan Doyle ; [oversatt av] A. Saisuwan</marc:subfield>
    </marc:datafield>
    <marc:datafield tag="245" ind1="1" ind2="0">
      <marc:subfield code="a"> /</marc:subfield>
      <marc:subfield code="c"> </marc:subfield>
    </marc:datafield>
    <marc:datafield tag="260" ind1=" " ind2=" ">
      <marc:subfield code="a">Bangkok :</marc:subfield>
      <marc:subfield code="b">Amarin,</marc:subfield>
      <marc:subfield code="c">2009</marc:subfield>
    </marc:datafield>
    <marc:datafield tag="300" ind1=" " ind2=" ">
      <marc:subfield code="a">260 s.</marc:subfield>
    </marc:datafield>
    <marc:datafield tag="500" ind1=" " ind2=" ">
      <marc:subfield code="a">Norsk tittel: Den krypende mann og andre Sherlock Holmes-saker</marc:subfield>
    </marc:datafield>
    <marc:datafield tag="520" ind1=" " ind2=" ">
      <marc:subfield code="a">Samling av detektivfortellinger</marc:subfield>
    </marc:datafield>
    <marc:datafield tag="534" ind1=" " ind2=" ">
      <marc:subfield code="a">Originaltittel: The case-book of Sherlock Holmes</marc:subfield>
    </marc:datafield>
    <marc:datafield tag="655" ind1=" " ind2=" ">
      <marc:subfield code="a">Kriminal</marc:subfield>
    </marc:datafield>
    <marc:datafield tag="852" ind1=" " ind2=" ">
      <marc:subfield code="a">Det flerspråklige bibliotek</marc:subfield>
      <marc:subfield code="b">Det flerspråklige bibliotek</marc:subfield>
      <marc:subfield code="c">m</marc:subfield>
    </marc:datafield>
    <marc:datafield tag="852" ind1=" " ind2=" ">
      <marc:subfield code="a">Det flersprk̄lige bibliotek</marc:subfield>
      <marc:subfield code="b">Det flersprk̄lige bibliotek</marc:subfield>
      <marc:subfield code="c">m</marc:subfield>
    </marc:datafield>
  </marc:record>