
  <marc:record>
    <marc:leader>02464cam a22003858i 4500</marc:leader>
    <marc:controlfield tag="001">20684045</marc:controlfield>
    <marc:controlfield tag="005">20181011152844.0</marc:controlfield>
    <marc:controlfield tag="008">180821s2018    enk      b    001 0 eng c</marc:controlfield>
    <marc:datafield tag="906" ind1=" " ind2=" ">
      <marc:subfield code="a">7</marc:subfield>
      <marc:subfield code="b">cbc</marc:subfield>
      <marc:subfield code="c">orignew</marc:subfield>
      <marc:subfield code="d">1</marc:subfield>
      <marc:subfield code="e">ecip</marc:subfield>
      <marc:subfield code="f">20</marc:subfield>
      <marc:subfield code="g">y-gencatlg</marc:subfield>
    </marc:datafield>
    <marc:datafield tag="925" ind1="0" ind2=" ">
      <marc:subfield code="a">Acquire</marc:subfield>
      <marc:subfield code="b">1 shelf copy</marc:subfield>
      <marc:subfield code="x">policy default</marc:subfield>
    </marc:datafield>
    <marc:datafield tag="955" ind1=" " ind2=" ">
      <marc:subfield code="a">LBSOR</marc:subfield>
      <marc:subfield code="e">xk15 2018-10-11 to Dewey</marc:subfield>
      <marc:subfield code="w">xm07 2018-10-11</marc:subfield>
    </marc:datafield>
    <marc:datafield tag="010" ind1=" " ind2=" ">
      <marc:subfield code="a">  2018037329</marc:subfield>
    </marc:datafield>
    <marc:datafield tag="020" ind1=" " ind2=" ">
      <marc:subfield code="a">9781107155855</marc:subfield>
    </marc:datafield>
    <marc:datafield tag="040" ind1=" " ind2=" ">
      <marc:subfield code="a">LBSOR/DLC</marc:subfield>
      <marc:subfield code="b">eng</marc:subfield>
      <marc:subfield code="e">rda</marc:subfield>
      <marc:subfield code="c">LBSOR</marc:subfield>
      <marc:subfield code="d">DLC</marc:subfield>
    </marc:datafield>
    <marc:datafield tag="042" ind1=" " ind2=" ">
      <marc:subfield code="a">pcc</marc:subfield>
    </marc:datafield>
    <marc:datafield tag="050" ind1="0" ind2="0">
      <marc:subfield code="a">PR4624</marc:subfield>
      <marc:subfield code="b">.C35 2018</marc:subfield>
    </marc:datafield>
    <marc:datafield tag="082" ind1="0" ind2="0">
      <marc:subfield code="a">823/.8</marc:subfield>
      <marc:subfield code="2">23</marc:subfield>
    </marc:datafield>
    <marc:datafield tag="245" ind1="0" ind2="4">
      <marc:subfield code="a">The Cambridge companion to Sherlock Holmes /</marc:subfield>
      <marc:subfield code="c">edited by Janice M. Allan &amp; Christopher Pittard.</marc:subfield>
    </marc:datafield>
    <marc:datafield tag="263" ind1=" " ind2=" ">
      <marc:subfield code="a">1811</marc:subfield>
    </marc:datafield>
    <marc:datafield tag="264" ind1=" " ind2="1">
      <marc:subfield code="a">Cambridge, United Kingdom ;</marc:subfield>
      <marc:subfield code="a">New York, NY :</marc:subfield>
      <marc:subfield code="b">Cambridge University Press,</marc:subfield>
      <marc:subfield code="c">2018.</marc:subfield>
    </marc:datafield>
    <marc:datafield tag="300" ind1=" " ind2=" ">
      <marc:subfield code="a">pages ; cm</marc:subfield>
    </marc:datafield>
    <marc:datafield tag="336" ind1=" " ind2=" ">
      <marc:subfield code="a">text</marc:subfield>
      <marc:subfield code="b">txt</marc:subfield>
      <marc:subfield code="1">http://rdaregistry.info/termList/RDAContentType/1020</marc:subfield>
      <marc:subfield code="2">rdacontent</marc:subfield>
    </marc:datafield>
    <marc:datafield tag="337" ind1=" " ind2=" ">
      <marc:subfield code="a">unmediated</marc:subfield>
      <marc:subfield code="b">n</marc:subfield>
      <marc:subfield code="1">http://rdaregistry.info/termList/RDAMediaType/1007</marc:subfield>
      <marc:subfield code="2">rdamedia</marc:subfield>
    </marc:datafield>
    <marc:datafield tag="338" ind1="1" ind2="0">
      <marc:subfield code="a">volume</marc:subfield>
      <marc:subfield code="b">nc</marc:subfield>
      <marc:subfield code="1">http://rdaregistry.info/termList/RDACarrierType/1049</marc:subfield>
      <marc:subfield code="2">rdacarrier</marc:subfield>
    </marc:datafield>
    <marc:datafield tag="520" ind1=" " ind2=" ">
      <marc:subfield code="a">"Sherlock Holmes is the most famous fictional detective in history, with a popularity that has never waned since catching the imagination of his late-Victorian readership"-</marc:subfield>
      <marc:subfield code="c">Provided by publisher.</marc:subfield>
    </marc:datafield>
    <marc:datafield tag="504" ind1=" " ind2=" ">
      <marc:subfield code="a">Includes bibliographical references and index.</marc:subfield>
    </marc:datafield>
    <marc:datafield tag="505" ind1="0" ind2=" ">
      <marc:subfield code="a">Holmes and the history of detective fiction / Merrick Burrow - Doyle, Holmes and Victorian publishing / Clare Clarke - Doyle, Holmes and London / Stephen Knight - Englishness and rural England / Christine Berberich - Gender and sexuality in Holmes / Stacy Gillis - Doyle and evolution / Jonathan Cranfield - Doyle and the criminal body / Stephan Karschay - Holmes, law and order / Jeremy Tambling - The empires of a study in scarlet and the sign of four / Caroline Reitz - Sidney Paget and visual culture in the adventures and memoirs of Sherlock Holmes / Christopher Pittard - Gothic returns: The hound of the Baskervilles / Janice M. Allan - Holmes and literary theory / Bran Nicol - Adapting Holmes / Neil McCaw - Neo-Holmesian fiction / Catherine Wynne - Sherlockian fandom / Roberta Pearson.</marc:subfield>
    </marc:datafield>
    <marc:datafield tag="600" ind1="1" ind2="0">
      <marc:subfield code="a">Holmes, Sherlock.</marc:subfield>
      <marc:subfield code="0">http://viaf.org/viaf/173636607</marc:subfield>
    </marc:datafield>
    <marc:datafield tag="600" ind1="1" ind2="0">
      <marc:subfield code="a">Doyle, Arthur Conan,</marc:subfield>
      <marc:subfield code="d">1859-1930</marc:subfield>
      <marc:subfield code="x">Criticism and interpretation.</marc:subfield>
      <marc:subfield code="0">http://viaf.org/viaf/65283845</marc:subfield>
      <marc:subfield code="4">aut</marc:subfield>
    </marc:datafield>
    <marc:datafield tag="650" ind1=" " ind2="0">
      <marc:subfield code="a">Detective and mystery stories, English</marc:subfield>
      <marc:subfield code="x">History and criticism.</marc:subfield>
    </marc:datafield>
    <marc:datafield tag="650" ind1=" " ind2="0">
      <marc:subfield code="a">Private investigators in literature.</marc:subfield>
    </marc:datafield>
    <marc:datafield tag="700" ind1="1" ind2=" ">
      <marc:subfield code="a">Allan, Janice M.,</marc:subfield>
      <marc:subfield code="d">1966-</marc:subfield>
      <marc:subfield code="e">editor.</marc:subfield>
      <marc:subfield code="4">http://viaf.org/viaf/63381811</marc:subfield>
      <marc:subfield code="4">edt</marc:subfield>
    </marc:datafield>
    <marc:datafield tag="700" ind1="1" ind2=" ">
      <marc:subfield code="a">Pittard, Christopher,</marc:subfield>
      <marc:subfield code="e">editor.</marc:subfield>
      <marc:subfield code="0">http://viaf.org/viaf/162388808</marc:subfield>
      <marc:subfield code="4">edt</marc:subfield>
    </marc:datafield>
    <marc:datafield tag="963" ind1=" " ind2=" ">
      <marc:subfield code="a">Allan Alphonse; phone: +91-4134212213; email: allan.alphonse@integra.co.in; bc: sreid@cambridge.org</marc:subfield>
    </marc:datafield>
    <marc:datafield tag="985" ind1=" " ind2=" ">
      <marc:subfield code="a">LBSORCIP</marc:subfield>
      <marc:subfield code="d">2018-09-27</marc:subfield>
    </marc:datafield>
  </marc:record>