
  <marc:record>
    <marc:leader>02860cam a2200505 a 4500</marc:leader>
    <marc:controlfield tag="001">6958583</marc:controlfield>
    <marc:controlfield tag="005">20151214134122.0</marc:controlfield>
    <marc:controlfield tag="008">751008s1950    nyua          000 1 eng  </marc:controlfield>
    <marc:datafield tag="906" ind1=" " ind2=" ">
      <marc:subfield code="a">7</marc:subfield>
      <marc:subfield code="b">cbc</marc:subfield>
      <marc:subfield code="c">premver</marc:subfield>
      <marc:subfield code="d">1</marc:subfield>
      <marc:subfield code="e">ncip</marc:subfield>
      <marc:subfield code="f">19</marc:subfield>
      <marc:subfield code="g">y-gencatlg</marc:subfield>
    </marc:datafield>
    <marc:datafield tag="955" ind1=" " ind2=" ">
      <marc:subfield code="b">he00</marc:subfield>
      <marc:subfield code="i">he03 2010-03-16 NEW INPUT</marc:subfield>
    </marc:datafield>
    <marc:datafield tag="010" ind1=" " ind2=" ">
      <marc:subfield code="a">   50014604 </marc:subfield>
    </marc:datafield>
    <marc:datafield tag="035" ind1=" " ind2=" ">
      <marc:subfield code="9">(DLC)   50014604</marc:subfield>
    </marc:datafield>
    <marc:datafield tag="040" ind1=" " ind2=" ">
      <marc:subfield code="a">DLC</marc:subfield>
      <marc:subfield code="c">DLC</marc:subfield>
      <marc:subfield code="d">DLC</marc:subfield>
    </marc:datafield>
    <marc:datafield tag="050" ind1="0" ind2="0">
      <marc:subfield code="a">PZ3.D772</marc:subfield>
      <marc:subfield code="b">Adv22</marc:subfield>
    </marc:datafield>
    <marc:datafield tag="051" ind1=" " ind2=" ">
      <marc:subfield code="a">PR4621</marc:subfield>
      <marc:subfield code="b">.S5 Copy 2</marc:subfield>
      <marc:subfield code="c">Copyright deposit copy, in slipcase, with embossed stamp below colophon: This is one of 15 presentation copies 'out of series.' No. 215 (June 1950) of Monthly letter of the Limited Editions Club laid in.</marc:subfield>
    </marc:datafield>
    <marc:datafield tag="051" ind1=" " ind2=" ">
      <marc:subfield code="a">LEC no. 207</marc:subfield>
      <marc:subfield code="c">Copy no. 1, in slipcase, acquired as part of an archival set from the publisher in 2008.</marc:subfield>
    </marc:datafield>
    <marc:datafield tag="082" ind1=" " ind2=" ">
      <marc:subfield code="a">823.91</marc:subfield>
    </marc:datafield>
    <marc:datafield tag="100" ind1=" " ind2=" ">
      <marc:subfield code="a">Doyle, Arthur Conan,</marc:subfield>
      <marc:subfield code="d">1859-1930</marc:subfield>
      <marc:subfield code="0">http://viaf.org/viaf/65283845</marc:subfield>
      <marc:subfield code="4">aut</marc:subfield>
    </marc:datafield>
    <marc:datafield tag="245" ind1="1" ind2="4">
      <marc:subfield code="a">The adventures of Sherlock Holmes /</marc:subfield>
      <marc:subfield code="c">Sir Arthur Conan Doyle ; a definitive text corrected and edited by Edgar W. Smith ; with an introduction by Vincent Starrett and illustrated with a selective collation of the original illustrations by Frederic Dorr Steele, Sidney Paget and others.</marc:subfield>
    </marc:datafield>
    <marc:datafield tag="246" ind1="1" ind2="8">
      <marc:subfield code="a">Sherlock Holmes</marc:subfield>
    </marc:datafield>
    <marc:datafield tag="260" ind1=" " ind2=" ">
      <marc:subfield code="a">New York :</marc:subfield>
      <marc:subfield code="b">Limited Editions Club,</marc:subfield>
      <marc:subfield code="c">1950.</marc:subfield>
    </marc:datafield>
    <marc:datafield tag="300" ind1=" " ind2=" ">
      <marc:subfield code="a">3 v. (xxviii, 764 p.) :</marc:subfield>
      <marc:subfield code="b">ill. ;</marc:subfield>
      <marc:subfield code="c">24 cm.</marc:subfield>
    </marc:datafield>
    <marc:datafield tag="336" ind1=" " ind2=" ">
      <marc:subfield code="a">text</marc:subfield>
      <marc:subfield code="b">txt</marc:subfield>
      <marc:subfield code="1">http://rdaregistry.info/termList/RDAContentType/1020</marc:subfield>
      <marc:subfield code="2">rdacontent</marc:subfield>
    </marc:datafield>
    <marc:datafield tag="337" ind1=" " ind2=" ">
      <marc:subfield code="a">unmediated</marc:subfield>
      <marc:subfield code="b">n</marc:subfield>
      <marc:subfield code="1">http://rdaregistry.info/termList/RDAMediaType/1007</marc:subfield>
      <marc:subfield code="2">rdamedia</marc:subfield>
    </marc:datafield>
    <marc:datafield tag="338" ind1="1" ind2="0">
      <marc:subfield code="a">volume</marc:subfield>
      <marc:subfield code="b">nc</marc:subfield>
      <marc:subfield code="1">http://rdaregistry.info/termList/RDACarrierType/1049</marc:subfield>
      <marc:subfield code="2">rdacarrier</marc:subfield>
    </marc:datafield>
    <marc:datafield tag="500" ind1=" " ind2=" ">
      <marc:subfield code="a">"Planned by W.A. Dwiggins ... The composition and printing of the text were done by Peter Beilenson ... The edition consists of fifteen hundred copies "-Colophon.</marc:subfield>
    </marc:datafield>
    <marc:datafield tag="500" ind1=" " ind2=" ">
      <marc:subfield code="a">Issued together in a slipcase.</marc:subfield>
    </marc:datafield>
    <marc:datafield tag="510" ind1="4" ind2=" ">
      <marc:subfield code="a">Newman &amp; Wiche. Great and good books,</marc:subfield>
      <marc:subfield code="c">207</marc:subfield>
    </marc:datafield>
    <marc:datafield tag="510" ind1="4" ind2=" ">
      <marc:subfield code="a">Limited Editions Club. Bibliography of the fine books published by the Limited Editions Club, 1929-1985,</marc:subfield>
      <marc:subfield code="c">no. 207</marc:subfield>
    </marc:datafield>
    <marc:datafield tag="505" ind1="0" ind2=" ">
      <marc:subfield code="a">Vol. 1. A study in scarlet. The sign of the four - v. 2. The adventures of Sherlock Holmes - v. 3. The memoirs of Sherlock Holmes.</marc:subfield>
    </marc:datafield>
    <marc:datafield tag="600" ind1="1" ind2="0">
      <marc:subfield code="a">Holmes, Sherlock</marc:subfield>
      <marc:subfield code="v">Fiction.</marc:subfield>
      <marc:subfield code="0">http://viaf.org/viaf/173636607</marc:subfield>
    </marc:datafield>
    <marc:datafield tag="650" ind1=" " ind2="0">
      <marc:subfield code="a">Detective and mystery stories, English.</marc:subfield>
    </marc:datafield>
    <marc:datafield tag="650" ind1=" " ind2="0">
      <marc:subfield code="a">Private investigators</marc:subfield>
      <marc:subfield code="z">England</marc:subfield>
      <marc:subfield code="v">Fiction.</marc:subfield>
    </marc:datafield>
    <marc:datafield tag="700" ind1="1" ind2=" ">
      <marc:subfield code="a">Starrett, Vincent,</marc:subfield>
      <marc:subfield code="d">1886-1974.</marc:subfield>
      <marc:subfield code="4">aut</marc:subfield>
    </marc:datafield>
    <marc:datafield tag="700" ind1="1" ind2=" ">
      <marc:subfield code="a">Smith, Edgar Wadsworth,</marc:subfield>
      <marc:subfield code="d">1894-1960.</marc:subfield>
      <marc:subfield code="0">http://viaf.org/viaf/9039695</marc:subfield>
      <marc:subfield code="4">aut</marc:subfield>
    </marc:datafield>
    <marc:datafield tag="700" ind1="1" ind2=" ">
      <marc:subfield code="a">Steele, Frederic Dorr,</marc:subfield>
      <marc:subfield code="d">1873-1944,</marc:subfield>
      <marc:subfield code="e">ill.</marc:subfield>
      <marc:subfield code="0">http://viaf.org/viaf/36023243</marc:subfield>
      <marc:subfield code="4">ill</marc:subfield>
    </marc:datafield>
    <marc:datafield tag="700" ind1="1" ind2=" ">
      <marc:subfield code="a">Paget, Sidney,</marc:subfield>
      <marc:subfield code="d">1860-1908,</marc:subfield>
      <marc:subfield code="e">ill.</marc:subfield>
      <marc:subfield code="0">http://viaf.org/viaf/2555146</marc:subfield>
      <marc:subfield code="4">ill</marc:subfield>
    </marc:datafield>
    <marc:datafield tag="700" ind1="1" ind2=" ">
      <marc:subfield code="a">Dwiggins, W. A.</marc:subfield>
      <marc:subfield code="q">(William Addison),</marc:subfield>
      <marc:subfield code="d">1880-1956,</marc:subfield>
      <marc:subfield code="e">book designer.</marc:subfield>
      <marc:subfield code="0">http://viaf.org/viaf/33165024</marc:subfield>
      <marc:subfield code="4">bkd</marc:subfield>
    </marc:datafield>
    <marc:datafield tag="700" ind1="1" ind2=" ">
      <marc:subfield code="a">Beilenson, Peter,</marc:subfield>
      <marc:subfield code="d">1905-1962,</marc:subfield>
      <marc:subfield code="e">printer.</marc:subfield>
      <marc:subfield code="4">http://viaf.org/viaf/75150766</marc:subfield>
      <marc:subfield code="4">prt</marc:subfield>
    </marc:datafield>
    <marc:datafield tag="700" ind1="1" ind2="2">
      <marc:subfield code="a">Doyle, Arthur Conan,</marc:subfield>
      <marc:subfield code="d">1859-1930.</marc:subfield>
      <marc:subfield code="t">Study in scarlet.</marc:subfield>
      <marc:subfield code="0">http://viaf.org/viaf/65283845</marc:subfield>
      <marc:subfield code="4">aut</marc:subfield>
    </marc:datafield>
    <marc:datafield tag="700" ind1="1" ind2="2">
      <marc:subfield code="a">Doyle, Arthur Conan,</marc:subfield>
      <marc:subfield code="d">1859-1930.</marc:subfield>
      <marc:subfield code="t">Sign of four.</marc:subfield>
      <marc:subfield code="0">http://viaf.org/viaf/65283845</marc:subfield>
      <marc:subfield code="4">aut</marc:subfield>
    </marc:datafield>
    <marc:datafield tag="700" ind1="1" ind2="2">
      <marc:subfield code="a">Doyle, Arthur Conan,</marc:subfield>
      <marc:subfield code="d">1859-1930.</marc:subfield>
      <marc:subfield code="t">Memoirs of Sherlock Holmes.</marc:subfield>
      <marc:subfield code="0">http://viaf.org/viaf/65283845</marc:subfield>
      <marc:subfield code="4">aut</marc:subfield>
    </marc:datafield>
    <marc:datafield tag="710" ind1="2" ind2=" ">
      <marc:subfield code="a">Limited Editions Club,</marc:subfield>
      <marc:subfield code="e">former owner.</marc:subfield>
      <marc:subfield code="5">DLC</marc:subfield>
    </marc:datafield>
    <marc:datafield tag="710" ind1="2" ind2=" ">
      <marc:subfield code="a">Limited Editions Club Collection (Library of Congress)</marc:subfield>
      <marc:subfield code="5">DLC</marc:subfield>
    </marc:datafield>
    <marc:datafield tag="952" ind1=" " ind2=" ">
      <marc:subfield code="a">According to gsl card, PZ3.D772Adv22 Copy 1 was formerly shelved under: PR4621.S5 Copy 1.</marc:subfield>
    </marc:datafield>
    <marc:datafield tag="984" ind1=" " ind2=" ">
      <marc:subfield code="a">gsl</marc:subfield>
    </marc:datafield>
    <marc:datafield tag="985" ind1=" " ind2=" ">
      <marc:subfield code="e">OCLC REPLACEMENT</marc:subfield>
    </marc:datafield>
    <marc:datafield tag="991" ind1=" " ind2=" ">
      <marc:subfield code="b">c-GenColl</marc:subfield>
      <marc:subfield code="h">PZ3.D772</marc:subfield>
      <marc:subfield code="i">Adv22</marc:subfield>
      <marc:subfield code="t">Copy 1</marc:subfield>
      <marc:subfield code="w">OCLCREP</marc:subfield>
    </marc:datafield>
  </marc:record>