
    <marc:record>
        <marc:leader>02128ngm a22003617a 4500</marc:leader>
        <marc:controlfield tag="001">11511577</marc:controlfield>
        <marc:controlfield tag="005">19890829145533.8</marc:controlfield>
        <marc:controlfield tag="007">vfuccahr</marc:controlfield>
        <marc:controlfield tag="008">870910s1983 xxk050 vleng</marc:controlfield>
        <marc:datafield tag="035" ind1=" " ind2=" ">
            <marc:subfield code="9">(DLC) 87707746</marc:subfield>
        </marc:datafield>
        <marc:datafield tag="906" ind1=" " ind2=" ">
            <marc:subfield code="a">7</marc:subfield>
            <marc:subfield code="b">cbc</marc:subfield>
            <marc:subfield code="c">orignew</marc:subfield>
            <marc:subfield code="d">u</marc:subfield>
            <marc:subfield code="e">ncip</marc:subfield>
            <marc:subfield code="f">19</marc:subfield>
            <marc:subfield code="g">y-movingim</marc:subfield>
        </marc:datafield>
        <marc:datafield tag="010" ind1=" " ind2=" ">
            <marc:subfield code="a">87707746</marc:subfield>
        </marc:datafield>
        <marc:datafield tag="017" ind1=" " ind2=" ">
            <marc:subfield code="a">PA207-496</marc:subfield>
            <marc:subfield code="b">U.S. Copyright Office</marc:subfield>
        </marc:datafield>
        <marc:datafield tag="040" ind1=" " ind2=" ">
            <marc:subfield code="a">DLC</marc:subfield>
            <marc:subfield code="c">DLC</marc:subfield>
            <marc:subfield code="d">DLC</marc:subfield>
            <marc:subfield code="e">amim</marc:subfield>
        </marc:datafield>
        <marc:datafield tag="050" ind1="0" ind2="0">
            <marc:subfield code="a">VBE 7648 (viewing copy)</marc:subfield>
        </marc:datafield>
        <marc:datafield tag="245" ind1="0" ind2="4">
            <marc:subfield code="a">The Hound of the Baskervilles /</marc:subfield>
            <marc:subfield code="c">[Mapleton Films Limited] ; director, Douglas Hickox ; producer, Otto Plaschkes ;
                screenplay, Charles Edward Pogue.
            </marc:subfield>
        </marc:datafield>
        <marc:datafield tag="257" ind1=" " ind2=" ">
            <marc:subfield code="a">[U.K.]</marc:subfield>
        </marc:datafield>
        <marc:datafield tag="260" ind1=" " ind2=" ">
            <marc:subfield code="a">[Great Britain :</marc:subfield>
            <marc:subfield code="b">s.n.,</marc:subfield>
            <marc:subfield code="c">1983?]</marc:subfield>
        </marc:datafield>
        <marc:datafield tag="300" ind1=" " ind2=" ">
            <marc:subfield code="a">1 videocassette of 2 (c2) (50 min.) :</marc:subfield>
            <marc:subfield code="b">sd., col. ;</marc:subfield>
            <marc:subfield code="c">3/4 in. viewing copy.</marc:subfield>
        </marc:datafield>
        <marc:datafield tag="500" ind1=" " ind2=" ">
            <marc:subfield code="a">Copyright: Investors in Industry, P.L.C. Appl. au.: Mapleton Films, Ltd., employer
                for hire. DCR 1983; PUB1Nov83; REG 1Mar84; PA207-496.
            </marc:subfield>
        </marc:datafield>
        <marc:datafield tag="500" ind1=" " ind2=" ">
            <marc:subfield code="a">Copyrighted under the title Sir Arthur Conan Doyle's The Hound of the
                Baskervilles.
            </marc:subfield>
        </marc:datafield>
        <marc:datafield tag="508" ind1=" " ind2=" ">
            <marc:subfield code="a">Executive producer, Sy Weintraub.</marc:subfield>
        </marc:datafield>
        <marc:datafield tag="511" ind1="1" ind2=" ">
            <marc:subfield code="a">Ian Richardson (Sherlock Holmes), Donald Churchill (Dr. Watson), Nicholas Clay (Jack
                Stapleton), Martin Shaw (Sir Henry Baskerville), Glynis Barber (Beryl Stapleton), Denholm Elliott (Dr.
                Mortimer).
            </marc:subfield>
        </marc:datafield>
        <marc:datafield tag="500" ind1=" " ind2=" ">
            <marc:subfield code="a">No release information could be found. M/B/RS copyright desc., PA207-495 indicates
                that Producers Sales Association may be associated with the film. This could not be confirmed.
            </marc:subfield>
        </marc:datafield>
        <marc:datafield tag="541" ind1=" " ind2=" ">
            <marc:subfield code="d">Received: 7-27-87;</marc:subfield>
            <marc:subfield code="3">viewing copy, cassette 1;</marc:subfield>
            <marc:subfield code="c">copyright deposit-Adv. sel.;</marc:subfield>
            <marc:subfield code="a">Copyright Collection.</marc:subfield>
        </marc:datafield>
        <marc:datafield tag="655" ind1=" " ind2="7">
            <marc:subfield code="a">Features.</marc:subfield>
            <marc:subfield code="2">mim</marc:subfield>
        </marc:datafield>
        <marc:datafield tag="655" ind1=" " ind2="7">
            <marc:subfield code="a">Adaptations.</marc:subfield>
            <marc:subfield code="2">mim</marc:subfield>
        </marc:datafield>
        <marc:datafield tag="655" ind1=" " ind2="7">
            <marc:subfield code="a">Detective films and programs.</marc:subfield>
            <marc:subfield code="2">mim</marc:subfield>
        </marc:datafield>
        <marc:datafield tag="710" ind1="2" ind2=" ">
            <marc:subfield code="a">Copyright Collection (Library of Congress)</marc:subfield>
            <marc:subfield code="5">DLC</marc:subfield>
        </marc:datafield>
        <marc:datafield tag="740" ind1="0" ind2=" ">
            <marc:subfield code="a">Sir Arthur Conan Doyle's the hound of the Baskervilles.</marc:subfield>
        </marc:datafield>
        <marc:datafield tag="952" ind1=" " ind2=" ">
            <marc:subfield code="a">Only cassette 2 was received. Cassette 1, copy 2 of The sign of four was received
                instead of cassette 1 of this title. Brenda Haney of LC Office of the General Counsel was notified
                9-1-87. (See also The sign of four, 87-707748).
            </marc:subfield>
        </marc:datafield>
        <marc:datafield tag="953" ind1=" " ind2=" ">
            <marc:subfield code="a">TE01</marc:subfield>
        </marc:datafield>
        <marc:datafield tag="991" ind1=" " ind2=" ">
            <marc:subfield code="b">c-MP&amp;TV</marc:subfield>
            <marc:subfield code="h">VBE 7648 (viewing copy)</marc:subfield>
            <marc:subfield code="w">MUMS VM File</marc:subfield>
        </marc:datafield>
    </marc:record>