
    <marc:record>
        <marc:leader>01524cim a2200373 a 4500</marc:leader>
        <marc:controlfield tag="001">5583271</marc:controlfield>
        <marc:controlfield tag="005">20130208143555.0</marc:controlfield>
        <marc:controlfield tag="007">sdubsmennmplu</marc:controlfield>
        <marc:controlfield tag="008">840724s1984 nyunnn f eng</marc:controlfield>
        <marc:datafield tag="906" ind1=" " ind2=" ">
            <marc:subfield code="a">7</marc:subfield>
            <marc:subfield code="b">cbc</marc:subfield>
            <marc:subfield code="c">orignew</marc:subfield>
            <marc:subfield code="d">2</marc:subfield>
            <marc:subfield code="e">ncip</marc:subfield>
            <marc:subfield code="f">19</marc:subfield>
            <marc:subfield code="g">y-genmusic</marc:subfield>
        </marc:datafield>
        <marc:datafield tag="010" ind1=" " ind2=" ">
            <marc:subfield code="a">83740158</marc:subfield>
        </marc:datafield>
        <marc:datafield tag="028" ind1="0" ind2="2">
            <marc:subfield code="a">SBR-505</marc:subfield>
            <marc:subfield code="b">Caedmon</marc:subfield>
        </marc:datafield>
        <marc:datafield tag="035" ind1=" " ind2=" ">
            <marc:subfield code="9">(DLC) 83740158</marc:subfield>
        </marc:datafield>
        <marc:datafield tag="040" ind1=" " ind2=" ">
            <marc:subfield code="a">DLC</marc:subfield>
            <marc:subfield code="c">DLC</marc:subfield>
            <marc:subfield code="d">DLC</marc:subfield>
        </marc:datafield>
        <marc:datafield tag="050" ind1="1" ind2="0">
            <marc:subfield code="a">PR4622</marc:subfield>
        </marc:datafield>
        <marc:datafield tag="050" ind1="0" ind2="0">
            <marc:subfield code="a">Caedmon SBR-505</marc:subfield>
        </marc:datafield>
        <marc:datafield tag="245" ind1="0" ind2="4">
            <marc:subfield code="a">The Hound of the Baskervilles</marc:subfield>
            <marc:subfield code="h">[sound recording].</marc:subfield>
        </marc:datafield>
        <marc:datafield tag="260" ind1=" " ind2=" ">
            <marc:subfield code="a">New York, N.Y. :</marc:subfield>
            <marc:subfield code="b">Caedmon,</marc:subfield>
            <marc:subfield code="c">p1984.</marc:subfield>
        </marc:datafield>
        <marc:datafield tag="300" ind1=" " ind2=" ">
            <marc:subfield code="a">3 sound discs (172 min.) :</marc:subfield>
            <marc:subfield code="b">33 1/3 rpm, stereo. ;</marc:subfield>
            <marc:subfield code="c">12 in.</marc:subfield>
        </marc:datafield>
        <marc:datafield tag="306" ind1=" " ind2=" ">
            <marc:subfield code="a">025200</marc:subfield>
        </marc:datafield>
        <marc:datafield tag="500" ind1=" " ind2=" ">
            <marc:subfield code="a">"A Novel Approach recording"-Container.</marc:subfield>
        </marc:datafield>
        <marc:datafield tag="500" ind1=" " ind2=" ">
            <marc:subfield code="a">Dramatized with music and sound effects.</marc:subfield>
        </marc:datafield>
        <marc:datafield tag="500" ind1=" " ind2=" ">
            <marc:subfield code="a">Adapted by Milt Wisoff.</marc:subfield>
        </marc:datafield>
        <marc:datafield tag="511" ind1="1" ind2=" ">
            <marc:subfield code="a">Nicol Williamson (Sherlock Holmes), George Rose (Dr. Watson), Caedmon Players, with
                Gordon Gould.
            </marc:subfield>
        </marc:datafield>
        <marc:datafield tag="500" ind1=" " ind2=" ">
            <marc:subfield code="a">Automatic sequence.</marc:subfield>
        </marc:datafield>
        <marc:datafield tag="500" ind1=" " ind2=" ">
            <marc:subfield code="a">Notes by Milt Wisoff on container.</marc:subfield>
        </marc:datafield>
        <marc:datafield tag="520" ind1=" " ind2=" ">
            <marc:subfield code="a">A dramatic adaptation with musical accompaniment of Sir Arthur Conan Doyle's famous
                story. The strange death of Sir Charles Baskerville draws Sherlock Holmes to the gloomy Devon moor,
                where his courage and astute intellect are severely tested.
            </marc:subfield>
        </marc:datafield>
        <marc:datafield tag="700" ind1="1" ind2=" ">
            <marc:subfield code="a">Wisoff, Milt.</marc:subfield>
            <marc:subfield code="0">http://viaf.org/viaf/3848359</marc:subfield>
            <marc:subfield code="4">aut</marc:subfield>
        </marc:datafield>
        <marc:datafield tag="700" ind1="1" ind2=" ">
            <marc:subfield code="a">Williamson, Nicol.</marc:subfield>
            <marc:subfield code="0">http://viaf.org/viaf/7580171</marc:subfield>
            <marc:subfield code="4">prf</marc:subfield>
        </marc:datafield>
        <marc:datafield tag="700" ind1="1" ind2=" ">
            <marc:subfield code="a">Rose, George,</marc:subfield>
            <marc:subfield code="d">1920-1988.</marc:subfield>
            <marc:subfield code="0">http://viaf.org/viaf/130192164</marc:subfield>
            <marc:subfield code="4">prf</marc:subfield>
        </marc:datafield>
        <marc:datafield tag="700" ind1="1" ind2=" ">
            <marc:subfield code="a">Doyle, Arthur Conan,</marc:subfield>
            <marc:subfield code="d">1859-1930.</marc:subfield>
            <marc:subfield code="t">Hound of the Baskervilles.</marc:subfield>
            <marc:subfield code="0">http://viaf.org/viaf/65283845</marc:subfield>
            <marc:subfield code="4">aut</marc:subfield>
        </marc:datafield>
        <marc:datafield tag="710" ind1="2" ind2=" ">
            <marc:subfield code="a">Caedmon Players.</marc:subfield>
            <marc:subfield code="4">prf</marc:subfield>
        </marc:datafield>
        <marc:datafield tag="953" ind1=" " ind2=" ">
            <marc:subfield code="a">TA28</marc:subfield>
        </marc:datafield>
        <marc:datafield tag="991" ind1=" " ind2=" ">
            <marc:subfield code="b">c-RecSound</marc:subfield>
            <marc:subfield code="h">Caedmon SBR-505</marc:subfield>
            <marc:subfield code="w">MUSIC</marc:subfield>
        </marc:datafield>
    </marc:record>