
    <marc:record>
        <marc:leader>04145cam a2200421 i 4500</marc:leader>
        <marc:controlfield tag="001">19351754</marc:controlfield>
        <marc:controlfield tag="005">20180920162032.0</marc:controlfield>
        <marc:controlfield tag="008">160731t20162016be ag b 001 0 eng d</marc:controlfield>
        <marc:datafield tag="906" ind1=" " ind2=" ">
            <marc:subfield code="a">7</marc:subfield>
            <marc:subfield code="b">cbc</marc:subfield>
            <marc:subfield code="c">copycat</marc:subfield>
            <marc:subfield code="d">3</marc:subfield>
            <marc:subfield code="e">ncip</marc:subfield>
            <marc:subfield code="f">20</marc:subfield>
            <marc:subfield code="g">y-gencatlg</marc:subfield>
        </marc:datafield>
        <marc:datafield tag="923" ind1=" " ind2=" ">
            <marc:subfield code="a">purchase</marc:subfield>
            <marc:subfield code="d">20161014</marc:subfield>
            <marc:subfield code="n">60032880</marc:subfield>
            <marc:subfield code="s">Erasmus</marc:subfield>
        </marc:datafield>
        <marc:datafield tag="925" ind1="0" ind2=" ">
            <marc:subfield code="a">acquire</marc:subfield>
            <marc:subfield code="b">1 shelf copy</marc:subfield>
            <marc:subfield code="x">policy default</marc:subfield>
        </marc:datafield>
        <marc:datafield tag="955" ind1=" " ind2=" ">
            <marc:subfield code="b">bc14 2017-09-21 z-processor,</marc:subfield>
            <marc:subfield code="e">bc14 2017-09-29 (telework) to Music</marc:subfield>
        </marc:datafield>
        <marc:datafield tag="010" ind1=" " ind2=" ">
            <marc:subfield code="a">2016481668</marc:subfield>
        </marc:datafield>
        <marc:datafield tag="020" ind1=" " ind2=" ">
            <marc:subfield code="a">9782503568423</marc:subfield>
            <marc:subfield code="q">(cl.)</marc:subfield>
        </marc:datafield>
        <marc:datafield tag="020" ind1=" " ind2=" ">
            <marc:subfield code="a">2503568424</marc:subfield>
            <marc:subfield code="q">(cl.)</marc:subfield>
        </marc:datafield>
        <marc:datafield tag="035" ind1=" " ind2=" ">
            <marc:subfield code="a">(OCoLC)ocn960194750</marc:subfield>
        </marc:datafield>
        <marc:datafield tag="040" ind1=" " ind2=" ">
            <marc:subfield code="a">OHX</marc:subfield>
            <marc:subfield code="b">eng</marc:subfield>
            <marc:subfield code="c">OHX</marc:subfield>
            <marc:subfield code="e">rda</marc:subfield>
            <marc:subfield code="d">OCLCO</marc:subfield>
            <marc:subfield code="d">YDXCP</marc:subfield>
            <marc:subfield code="d">BTCTA</marc:subfield>
            <marc:subfield code="d">ERASA</marc:subfield>
            <marc:subfield code="d">EYM</marc:subfield>
            <marc:subfield code="d">QGJ</marc:subfield>
            <marc:subfield code="d">CGU</marc:subfield>
            <marc:subfield code="d">OCLCQ</marc:subfield>
            <marc:subfield code="d">CHVBK</marc:subfield>
            <marc:subfield code="d">OCLCO</marc:subfield>
            <marc:subfield code="d">OCLCF</marc:subfield>
            <marc:subfield code="d">UAB</marc:subfield>
            <marc:subfield code="d">COO</marc:subfield>
            <marc:subfield code="d">OCLCA</marc:subfield>
            <marc:subfield code="d">UIU</marc:subfield>
            <marc:subfield code="d">WTU</marc:subfield>
            <marc:subfield code="d">ZWZ</marc:subfield>
            <marc:subfield code="d">OCLCA</marc:subfield>
            <marc:subfield code="d">IBV</marc:subfield>
            <marc:subfield code="d">DLC</marc:subfield>
        </marc:datafield>
        <marc:datafield tag="041" ind1="0" ind2=" ">
            <marc:subfield code="a">eng</marc:subfield>
            <marc:subfield code="a">ita</marc:subfield>
            <marc:subfield code="a">fre</marc:subfield>
        </marc:datafield>
        <marc:datafield tag="042" ind1=" " ind2=" ">
            <marc:subfield code="a">lccopycat</marc:subfield>
        </marc:datafield>
        <marc:datafield tag="043" ind1=" " ind2=" ">
            <marc:subfield code="a">e-fr-</marc:subfield>
        </marc:datafield>
        <marc:datafield tag="082" ind1="0" ind2="4">
            <marc:subfield code="a">780.92</marc:subfield>
        </marc:datafield>
        <marc:datafield tag="050" ind1="0" ind2="0">
            <marc:subfield code="a">ML410.M61</marc:subfield>
            <marc:subfield code="b">M53 2016</marc:subfield>
        </marc:datafield>
        <marc:datafield tag="245" ind1="0" ind2="0">
            <marc:subfield code="a">Meyerbeer and Grand opéra from the July monarchy to the present /</marc:subfield>
            <marc:subfield code="c">edited by Mark Everist.</marc:subfield>
        </marc:datafield>
        <marc:datafield tag="264" ind1=" " ind2="1">
            <marc:subfield code="a">Turnhout :</marc:subfield>
            <marc:subfield code="b">Brepols,</marc:subfield>
            <marc:subfield code="c">2016.</marc:subfield>
        </marc:datafield>
        <marc:datafield tag="300" ind1=" " ind2=" ">
            <marc:subfield code="a">xxiii, 498 pages :</marc:subfield>
            <marc:subfield code="b">illustrations, music ;</marc:subfield>
            <marc:subfield code="c">27 cm</marc:subfield>
        </marc:datafield>
        <marc:datafield tag="336" ind1=" " ind2=" ">
      <marc:subfield code="a">text</marc:subfield>
      <marc:subfield code="b">txt</marc:subfield>
      <marc:subfield code="1">http://rdaregistry.info/termList/RDAContentType/1020</marc:subfield>
      <marc:subfield code="2">rdacontent</marc:subfield>
    </marc:datafield>
    <marc:datafield tag="337" ind1=" " ind2=" ">
      <marc:subfield code="a">unmediated</marc:subfield>
      <marc:subfield code="b">n</marc:subfield>
      <marc:subfield code="1">http://rdaregistry.info/termList/RDAMediaType/1007</marc:subfield>
      <marc:subfield code="2">rdamedia</marc:subfield>
    </marc:datafield>
    <marc:datafield tag="338" ind1="1" ind2="0">
      <marc:subfield code="a">volume</marc:subfield>
      <marc:subfield code="b">nc</marc:subfield>
      <marc:subfield code="1">http://rdaregistry.info/termList/RDACarrierType/1049</marc:subfield>
      <marc:subfield code="2">rdacarrier</marc:subfield>
    </marc:datafield>
        <marc:datafield tag="490" ind1="1" ind2=" ">
            <marc:subfield code="a">Speculum musicae ;</marc:subfield>
            <marc:subfield code="v">volume XXVIII</marc:subfield>
        </marc:datafield>
        <marc:datafield tag="546" ind1=" " ind2=" ">
            <marc:subfield code="a">International conference proceedings</marc:subfield>
        </marc:datafield>
        <marc:datafield tag="504" ind1=" " ind2=" ">
            <marc:subfield code="a">Includes bibliographical references and index.</marc:subfield>
        </marc:datafield>
        <marc:datafield tag="505" ind1="0" ind2="0">
            <marc:subfield code="t">Guns and roses: Meyerbeer now and then /</marc:subfield>
            <marc:subfield code="r">Mark Everist -</marc:subfield>
            <marc:subfield code="g">Meyerbeer: the key works.</marc:subfield>
            <marc:subfield code="t">Il debutto italiano di Meyerbeer: nuovi documenti su Romilda e Costanza (Padova
                1817) /
            </marc:subfield>
            <marc:subfield code="r">Francesco Bertini ;</marc:subfield>
            <marc:subfield code="t">Dance and urban reality: Meyerbeer, modernity and ballet aesthetics /
            </marc:subfield>
            <marc:subfield code="r">Stephanie Schroedter -</marc:subfield>
            <marc:subfield code="t">From the boulevard to the Opéra and back again: Meyerbeer's Robert le diable /
            </marc:subfield>
            <marc:subfield code="r">Mia Tootill ;</marc:subfield>
            <marc:subfield code="t">Giacomo Myerbeer's Robert le diable and Hector Berlioz: re-inventing the orchestra
                for the Académie Royale de Musique /
            </marc:subfield>
            <marc:subfield code="r">Jürgen Maehder ;</marc:subfield>
            <marc:subfield code="t">Meyerbeer's Les Huguenots in Prague and Austrian censorship /</marc:subfield>
            <marc:subfield code="r">Milan Pospís̆il ;</marc:subfield>
            <marc:subfield code="t">Genèse et généalogie du 'Marcel de Meyerbeer'. Pour une dramaturgie alternative
                du troisième acte des Huguenots /
            </marc:subfield>
            <marc:subfield code="r">Matthias Nikolaidis ;</marc:subfield>
            <marc:subfield code="t">Wagner meyerbeeriano. Una ricognizione sull'influenza di Les Huguenots sul Rienzi
                /
            </marc:subfield>
            <marc:subfield code="r">Maria Nice Costantino ;</marc:subfield>
            <marc:subfield code="t">Grand opéra, réclame et produits dérivés: Le Prophète de Meyerbeer et le
                nonciorama /
            </marc:subfield>
            <marc:subfield code="r">Guillaume Bordry ;</marc:subfield>
            <marc:subfield code="t">"Sie ist Kapellmeister, Régisseur - mit einem Wort, die Seele der Oper": Pauline
                Viardot and Le Prophète in London 1849 /
            </marc:subfield>
            <marc:subfield code="r">Melanie Von Goldbeck ;</marc:subfield>
            <marc:subfield code="t">Fidès / Fede: aspetti di una vocalità androgina /</marc:subfield>
            <marc:subfield code="r">Marco Beghelli ;</marc:subfield>
            <marc:subfield code="t">L'Atto di Fidès. Questioni di drammaturgia e segmentazione nel Prophète di
                Meyerbeer /
            </marc:subfield>
            <marc:subfield code="r">Paulo Russo -</marc:subfield>
            <marc:subfield code="t">Musical and dramatic techniques.</marc:subfield>
            <marc:subfield code="t">L'assimilation de Giacomo Meyerbeer par Richard Wagner: l'exemple des contrastes
                simultanés /
            </marc:subfield>
            <marc:subfield code="r">Yaël Hêche ;</marc:subfield>
            <marc:subfield code="t">Photographic images of French grand opéra: documentation of nineteenth-century
                theatrical production /
            </marc:subfield>
            <marc:subfield code="r">Evan Baker ;</marc:subfield>
            <marc:subfield code="t">Franco-Italian legacy in Giacomo Meyerbeer's Œuvre: Italian opera's formal
                structures and the reception of the French revolution /
            </marc:subfield>
            <marc:subfield code="r">Maria Birbili ;</marc:subfield>
            <marc:subfield code="t">Eugène Scribe and the Jardin des femmes convention /</marc:subfield>
            <marc:subfield code="r">Helena Kopchick Spencer ;</marc:subfield>
            <marc:subfield code="t">Meyerbeer, Halévy, and the Scribean libretto: correspondence and divergence /
            </marc:subfield>
            <marc:subfield code="r">Diana R. Hallman ;</marc:subfield>
            <marc:subfield code="t">Narrative pacing and flashback in Meyerbeer's recitatives /</marc:subfield>
            <marc:subfield code="r">Laura Moeckli -</marc:subfield>
            <marc:subfield code="g">Performance and reception.</marc:subfield>
            <marc:subfield code="t">Meyerbeer and the New Orleans French opera company in New York City, 1845: "How,
                therefore, could New York have remained behind?" /
            </marc:subfield>
            <marc:subfield code="r">Jennifer C.H.J. Wilson ;</marc:subfield>
            <marc:subfield code="t">"[...] il più grande artista di un periodo di transizione": Mazzini e Meyerbeer /
            </marc:subfield>
            <marc:subfield code="r">Renato Ricco ;</marc:subfield>
            <marc:subfield code="t">Meyerbeer and The hound of the Baskervilles /</marc:subfield>
            <marc:subfield code="r">Mark Everist ;</marc:subfield>
            <marc:subfield code="t">Ernst Krenek's Leben des Orest and the idea of a Meyerbeer renaissance in Weimar
                Republic Germany /
            </marc:subfield>
            <marc:subfield code="r">John Gabriel ;</marc:subfield>
            <marc:subfield code="t">Giacomo Meyerbeer et les grands opéras historiques français à l'Opéra de Paris
                entre 1915 et 1945 /
            </marc:subfield>
            <marc:subfield code="r">Claire Paolacci.</marc:subfield>
        </marc:datafield>
        <marc:datafield tag="600" ind1="1" ind2="0">
            <marc:subfield code="a">Meyerbeer, Giacomo,</marc:subfield>
            <marc:subfield code="d">1791-1864.</marc:subfield>
            <marc:subfield code="4">cmp</marc:subfield>
        </marc:datafield>
        <marc:datafield tag="650" ind1=" " ind2="0">
            <marc:subfield code="a">Opera.</marc:subfield>
        </marc:datafield>
        <marc:datafield tag="700" ind1="1" ind2=" ">
            <marc:subfield code="a">Everist, Mark,</marc:subfield>
            <marc:subfield code="e">editor,</marc:subfield>
            <marc:subfield code="e">author.</marc:subfield>
            <marc:subfield code="0">http://viaf.org/viaf/14809708</marc:subfield>
            <marc:subfield code="4">aut</marc:subfield>
        </marc:datafield>
        <marc:datafield tag="830" ind1=" " ind2="0">
            <marc:subfield code="a">Speculum musicae ;</marc:subfield>
            <marc:subfield code="v">v. 28.</marc:subfield>
        </marc:datafield>
        <marc:datafield tag="955" ind1=" " ind2=" ">
            <marc:subfield code="b">BD25 2016-12-28</marc:subfield>
        </marc:datafield>
        <marc:datafield tag="985" ind1=" " ind2=" ">
            <marc:subfield code="e">VENDOR LOAD</marc:subfield>
        </marc:datafield>
    </marc:record>