
    <marc:record>
        <marc:leader>04503cgm a22006617a 4500</marc:leader>
        <marc:controlfield tag="001">17718210</marc:controlfield>
        <marc:controlfield tag="005">20151214132854.0</marc:controlfield>
        <marc:controlfield tag="007">vd cvaizs</marc:controlfield>
        <marc:controlfield tag="008">130430s2007 xxk000 | mleng d</marc:controlfield>
        <marc:datafield tag="906" ind1=" " ind2=" ">
            <marc:subfield code="a">7</marc:subfield>
            <marc:subfield code="b">cbc</marc:subfield>
            <marc:subfield code="c">origres</marc:subfield>
            <marc:subfield code="d">u</marc:subfield>
            <marc:subfield code="e">ncip</marc:subfield>
            <marc:subfield code="f">20</marc:subfield>
            <marc:subfield code="g">y-movingim</marc:subfield>
        </marc:datafield>
        <marc:datafield tag="955" ind1=" " ind2=" ">
            <marc:subfield code="a">qm11 2013-04-30 z-client</marc:subfield>
            <marc:subfield code="b">qm19 2013-05-02</marc:subfield>
            <marc:subfield code="i">qm11 2013-07-11</marc:subfield>
        </marc:datafield>
        <marc:datafield tag="010" ind1=" " ind2=" ">
            <marc:subfield code="a">2013603316</marc:subfield>
        </marc:datafield>
        <marc:datafield tag="020" ind1=" " ind2=" ">
            <marc:subfield code="a">0788607871</marc:subfield>
        </marc:datafield>
        <marc:datafield tag="020" ind1=" " ind2=" ">
            <marc:subfield code="a">9780788607875</marc:subfield>
        </marc:datafield>
        <marc:datafield tag="028" ind1="4" ind2="2">
            <marc:subfield code="a">7800</marc:subfield>
            <marc:subfield code="b">MPI Home Video</marc:subfield>
        </marc:datafield>
        <marc:datafield tag="035" ind1=" " ind2=" ">
            <marc:subfield code="a">(OCoLC)ocn165260401</marc:subfield>
        </marc:datafield>
        <marc:datafield tag="035" ind1=" " ind2=" ">
            <marc:subfield code="a">(OCoLC)165260401</marc:subfield>
        </marc:datafield>
        <marc:datafield tag="037" ind1=" " ind2=" ">
            <marc:subfield code="b">Midwest Tape</marc:subfield>
            <marc:subfield code="n">http://www.midwesttapes.com</marc:subfield>
        </marc:datafield>
        <marc:datafield tag="040" ind1=" " ind2=" ">
            <marc:subfield code="a">TEFMT</marc:subfield>
            <marc:subfield code="b">eng</marc:subfield>
            <marc:subfield code="c">TEFMT</marc:subfield>
            <marc:subfield code="d">RCS</marc:subfield>
            <marc:subfield code="d">OCLCQ</marc:subfield>
            <marc:subfield code="d">VP@</marc:subfield>
            <marc:subfield code="d">OCLCA</marc:subfield>
            <marc:subfield code="d">MVQ</marc:subfield>
            <marc:subfield code="d">OCLCA</marc:subfield>
            <marc:subfield code="d">ZAD</marc:subfield>
            <marc:subfield code="d">OCLCQ</marc:subfield>
            <marc:subfield code="d">OCLCA</marc:subfield>
            <marc:subfield code="d">APL</marc:subfield>
            <marc:subfield code="d">DLC</marc:subfield>
        </marc:datafield>
        <marc:datafield tag="041" ind1="1" ind2=" ">
            <marc:subfield code="a">eng</marc:subfield>
            <marc:subfield code="h">eng</marc:subfield>
            <marc:subfield code="j">eng</marc:subfield>
            <marc:subfield code="j">spa</marc:subfield>
        </marc:datafield>
        <marc:datafield tag="042" ind1=" " ind2=" ">
            <marc:subfield code="a">lccopycat</marc:subfield>
        </marc:datafield>
        <marc:datafield tag="043" ind1=" " ind2=" ">
            <marc:subfield code="a">e-uk-en</marc:subfield>
        </marc:datafield>
        <marc:datafield tag="050" ind1="0" ind2="0">
            <marc:subfield code="a">DXA 0019 (viewing copy)</marc:subfield>
        </marc:datafield>
        <marc:datafield tag="082" ind1="0" ind2="4">
            <marc:subfield code="a">791.45/75</marc:subfield>
            <marc:subfield code="2">22</marc:subfield>
        </marc:datafield>
        <marc:datafield tag="245" ind1="0" ind2="0">
            <marc:subfield code="a">Sherlock Holmes.</marc:subfield>
            <marc:subfield code="n">The complete Granada Television series /</marc:subfield>
            <marc:subfield code="c">Granada International ; produced by Granada Television.</marc:subfield>
        </marc:datafield>
        <marc:datafield tag="246" ind1="1" ind2=" ">
            <marc:subfield code="i">Container title:</marc:subfield>
            <marc:subfield code="a">Jeremy Brett as Sherlock Holmes.</marc:subfield>
            <marc:subfield code="n">The complete Granada Television series</marc:subfield>
        </marc:datafield>
        <marc:datafield tag="257" ind1=" " ind2=" ">
            <marc:subfield code="a">Great Britain.</marc:subfield>
        </marc:datafield>
        <marc:datafield tag="260" ind1=" " ind2=" ">
            <marc:subfield code="a">[Orland Park, Ill.] :</marc:subfield>
            <marc:subfield code="b">MPI Home Video,</marc:subfield>
            <marc:subfield code="c">[2007]</marc:subfield>
        </marc:datafield>
        <marc:datafield tag="300" ind1=" " ind2=" ">
            <marc:subfield code="3">viewing copy.</marc:subfield>
            <marc:subfield code="a">12 videodiscs (ca. 2580 min.) :</marc:subfield>
            <marc:subfield code="b">sd., col. ;</marc:subfield>
            <marc:subfield code="c">4 3/4 in.</marc:subfield>
        </marc:datafield>
       <marc:datafield tag="336" ind1=" " ind2=" ">
      <marc:subfield code="a">text</marc:subfield>
      <marc:subfield code="b">txt</marc:subfield>
      <marc:subfield code="1">http://rdaregistry.info/termList/RDAContentType/1020</marc:subfield>
      <marc:subfield code="2">rdacontent</marc:subfield>
    </marc:datafield>
    <marc:datafield tag="337" ind1=" " ind2=" ">
      <marc:subfield code="a">unmediated</marc:subfield>
      <marc:subfield code="b">n</marc:subfield>
      <marc:subfield code="1">http://rdaregistry.info/termList/RDAMediaType/1007</marc:subfield>
      <marc:subfield code="2">rdamedia</marc:subfield>
    </marc:datafield>
    <marc:datafield tag="338" ind1="1" ind2="0">
      <marc:subfield code="a">volume</marc:subfield>
      <marc:subfield code="b">nc</marc:subfield>
      <marc:subfield code="1">http://rdaregistry.info/termList/RDACarrierType/1049</marc:subfield>
      <marc:subfield code="2">rdacarrier</marc:subfield>
    </marc:datafield>
        <marc:datafield tag="538" ind1=" " ind2=" ">
            <marc:subfield code="a">DVD; region 1; full screen (4:3) presentation; Dolby Digital 2.0 stereo.
            </marc:subfield>
        </marc:datafield>
        <marc:datafield tag="546" ind1=" " ind2=" ">
            <marc:subfield code="a">English dialogue, English or Spanish subtitles.</marc:subfield>
        </marc:datafield>
        <marc:datafield tag="500" ind1=" " ind2=" ">
            <marc:subfield code="a">Title from container.</marc:subfield>
        </marc:datafield>
        <marc:datafield tag="511" ind1="1" ind2=" ">
            <marc:subfield code="a">Jeremy Brett, David Burke, Rosalie Williams.</marc:subfield>
        </marc:datafield>
        <marc:datafield tag="500" ind1=" " ind2=" ">
            <marc:subfield code="a">"New transfers from original negatives"-Container.</marc:subfield>
        </marc:datafield>
        <marc:datafield tag="500" ind1=" " ind2=" ">
            <marc:subfield code="a">Based on the novels written by Sir Arthur Conan Doyle.</marc:subfield>
        </marc:datafield>
        <marc:datafield tag="500" ind1=" " ind2=" ">
            <marc:subfield code="a">Originally broadcast on television 1984-1985.</marc:subfield>
        </marc:datafield>
        <marc:datafield tag="518" ind1=" " ind2=" ">
            <marc:subfield code="a">Filmed on location in London.</marc:subfield>
        </marc:datafield>
        <marc:datafield tag="500" ind1=" " ind2=" ">
            <marc:subfield code="a">Contains all 41 episodes of the television series.</marc:subfield>
        </marc:datafield>
        <marc:datafield tag="500" ind1=" " ind2=" ">
            <marc:subfield code="a">Irregular original packaging.</marc:subfield>
            <marc:subfield code="5">DLC</marc:subfield>
        </marc:datafield>
        <marc:datafield tag="521" ind1="8" ind2=" ">
            <marc:subfield code="a">Not rated.</marc:subfield>
        </marc:datafield>
        <marc:datafield tag="520" ind1=" " ind2=" ">
            <marc:subfield code="a">Sherlock Holmes is known as the greatest detective who never lived. All the classic
                tales are here, as the great detective and his faithful companion, Dr. Watson, tangle with the
                terrifying hound of the Baskervilles, the beautiful adventuress Irene Adler, and the dastardly villains
                Colonel Sebastian Moran, Charles Augustus Milverton, and the Napoleon of crime himself, Professor James
                Moriarty.
            </marc:subfield>
        </marc:datafield>
        <marc:datafield tag="505" ind1="0" ind2=" ">
            <marc:subfield code="a">Volume one: Disc 1: A scandal in Bohemia ; The dancing men ; The naval treaty ; The
                solitary cyclist - Disc 2: The crooked man ; The speckled band ; The blue carbuncle ; The copper
                beeches - Disc 3: The Greek interpreter ; The Norwood builder ; The resident patient ; The Red-Headed
                League - Disc 4: The final problem ; The empty house ; The abbey grange ; The Musgrave ritual - Disc
                5: The second stain ; The man with the twisted lip ; The priory school ; The six Napoleons - Disc 6:
                The devil's foot ; Silver blaze ; Wisteria Lodge ; The Bruce-Partington plans. Volume two: Disc 7: The
                disappearance of Lady Frances Carfax ; The sign of four - Disc 8: The hound of the Baskervilles ; The
                problem of Thor Bridge ; The Boscombe Valley mystery - Disc 9: The illustrious client ; Shoscombe old
                place ; The master blackmailer - Disc 10: The last vampyre ; The eligible bachelor - Disc 11: The
                three gables ; The creeping man ; The dying detective ; The golden pince-nez - Disc 12: The red circle
                ; The Mazarin stone ; The cardboard box.
            </marc:subfield>
        </marc:datafield>
        <marc:datafield tag="500" ind1=" " ind2=" ">
            <marc:subfield code="a">Special features: Disc 12: Sherlock Holmes series promo; commentary with director
                John Madden ("The disappearance of Lady Frances Carfax"); commentary with director John Madden ("The
                priory school"); commentary with screenwriter Jeremy Paul ("The red circle"); "Daytime live" (with
                Jeremy Brett and Edward Hardwicke); "Elementary my dear Watson": an interview with Edward Hardwicke; an
                interview with Adrian Conan Doyle; "Sherlock Museum" short.
            </marc:subfield>
        </marc:datafield>
        <marc:datafield tag="600" ind1="1" ind2="0">
            <marc:subfield code="a">Holmes, Sherlock</marc:subfield>
            <marc:subfield code="v">Drama.</marc:subfield>
            <marc:subfield code="0">http://viaf.org/viaf/173636607</marc:subfield>
        </marc:datafield>
        <marc:datafield tag="650" ind1=" " ind2="0">
            <marc:subfield code="a">Private investigators</marc:subfield>
            <marc:subfield code="z">England</marc:subfield>
            <marc:subfield code="v">Drama.</marc:subfield>
        </marc:datafield>
        <marc:datafield tag="650" ind1=" " ind2="0">
            <marc:subfield code="a">Criminal investigation</marc:subfield>
            <marc:subfield code="z">England</marc:subfield>
            <marc:subfield code="v">Drama.</marc:subfield>
        </marc:datafield>
        <marc:datafield tag="655" ind1=" " ind2="7">
            <marc:subfield code="a">Detective and mystery television programs.</marc:subfield>
            <marc:subfield code="2">lcgft</marc:subfield>
        </marc:datafield>
        <marc:datafield tag="655" ind1=" " ind2="7">
            <marc:subfield code="a">Fiction television programs.</marc:subfield>
            <marc:subfield code="2">lcgft</marc:subfield>
        </marc:datafield>
        <marc:datafield tag="700" ind1="1" ind2=" ">
            <marc:subfield code="a">Brett, Jeremy,</marc:subfield>
            <marc:subfield code="d">1933-1995.</marc:subfield>
            <marc:subfield code="0">http://viaf.org/viaf/117282034</marc:subfield>
            <marc:subfield code="4">act</marc:subfield>
        </marc:datafield>
        <marc:datafield tag="700" ind1="1" ind2=" ">
            <marc:subfield code="a">Burke, David,</marc:subfield>
            <marc:subfield code="d">1934-</marc:subfield>
            <marc:subfield code="0">http://viaf.org/viaf/100241617</marc:subfield>
            <marc:subfield code="4">act</marc:subfield>
        </marc:datafield>
        <marc:datafield tag="700" ind1="1" ind2=" ">
            <marc:subfield code="a">Williams, Rosalie</marc:subfield>
            <marc:subfield code="0">http://viaf.org/viaf/305021405</marc:subfield>
            <marc:subfield code="c">(Actress)</marc:subfield>
            <marc:subfield code="4">act</marc:subfield>
        </marc:datafield>
        <marc:datafield tag="700" ind1="1" ind2=" ">
            <marc:subfield code="a">Doyle, Arthur Conan,</marc:subfield>
            <marc:subfield code="d">1859-1930.</marc:subfield>
            <marc:subfield code="0">http://viaf.org/viaf/65283845</marc:subfield>
            <marc:subfield code="4">aut</marc:subfield>
        </marc:datafield>
        <marc:datafield tag="710" ind1="2" ind2=" ">
            <marc:subfield code="a">Granada Media (Firm)</marc:subfield>
        </marc:datafield>
        <marc:datafield tag="710" ind1="2" ind2=" ">
            <marc:subfield code="a">Granada Television.</marc:subfield>
        </marc:datafield>
        <marc:datafield tag="710" ind1="2" ind2=" ">
            <marc:subfield code="a">MPI Home Video (Firm)</marc:subfield>
        </marc:datafield>
        <marc:datafield tag="710" ind1="2" ind2=" ">
            <marc:subfield code="a">LC Purchase Collection (Library of Congress)</marc:subfield>
            <marc:subfield code="5">DLC</marc:subfield>
        </marc:datafield>
        <marc:datafield tag="730" ind1="0" ind2=" ">
            <marc:subfield code="a">Adventures of Sherlock Holmes (Television program)</marc:subfield>
        </marc:datafield>
    </marc:record>