
    <marc:record>
        <marc:leader>00723cam a22002411 4500</marc:leader>
        <marc:controlfield tag="001">8594022</marc:controlfield>
        <marc:controlfield tag="005">20130208143557.0</marc:controlfield>
        <marc:controlfield tag="008">940609s1967 ii 000 1 maro</marc:controlfield>
        <marc:datafield tag="906" ind1=" " ind2=" ">
            <marc:subfield code="a">7</marc:subfield>
            <marc:subfield code="b">cbc</marc:subfield>
            <marc:subfield code="c">oclcrpl</marc:subfield>
            <marc:subfield code="d">u</marc:subfield>
            <marc:subfield code="e">ncip</marc:subfield>
            <marc:subfield code="f">19</marc:subfield>
            <marc:subfield code="g">y-gencatlg</marc:subfield>
        </marc:datafield>
        <marc:datafield tag="010" ind1=" " ind2=" ">
            <marc:subfield code="a">79901257</marc:subfield>
        </marc:datafield>
        <marc:datafield tag="035" ind1=" " ind2=" ">
            <marc:subfield code="9">(DLC) 79901257</marc:subfield>
        </marc:datafield>
        <marc:datafield tag="035" ind1=" " ind2=" ">
            <marc:subfield code="a">(OCoLC)30578820</marc:subfield>
        </marc:datafield>
        <marc:datafield tag="040" ind1=" " ind2=" ">
            <marc:subfield code="a">DLC</marc:subfield>
            <marc:subfield code="c">CU</marc:subfield>
            <marc:subfield code="d">CU</marc:subfield>
            <marc:subfield code="d">DLC</marc:subfield>
        </marc:datafield>
        <marc:datafield tag="042" ind1=" " ind2=" ">
            <marc:subfield code="a">premarc</marc:subfield>
        </marc:datafield>
        <marc:datafield tag="050" ind1="0" ind2="0">
            <marc:subfield code="a">PK2418.A8</marc:subfield>
            <marc:subfield code="b">M58</marc:subfield>
        </marc:datafield>
        <marc:datafield tag="100" ind1="1" ind2=" ">
            <marc:subfield code="a">Atre, Prahlad Keshav,</marc:subfield>
            <marc:subfield code="d">1898-1969.</marc:subfield>
            <marc:subfield code="0">http://viaf.org/viaf/52854299</marc:subfield>
            <marc:subfield code="4">aut</marc:subfield>
        </marc:datafield>
        <marc:datafield tag="245" ind1="1" ind2="0">
            <marc:subfield code="a">Mohityāñcā śāpa.</marc:subfield>
        </marc:datafield>
        <marc:datafield tag="260" ind1=" " ind2=" ">
            <marc:subfield code="c">[1967]</marc:subfield>
        </marc:datafield>
        <marc:datafield tag="300" ind1=" " ind2=" ">
            <marc:subfield code="a">135 p.</marc:subfield>
            <marc:subfield code="c">19 cm.</marc:subfield>
        </marc:datafield>
        <marc:datafield tag="500" ind1=" " ind2=" ">
            <marc:subfield code="a">In Marathi.</marc:subfield>
        </marc:datafield>
        <marc:datafield tag="700" ind1="1" ind2=" ">
            <marc:subfield code="a">Doyle, Arthur Conan,</marc:subfield>
            <marc:subfield code="d">1859-1930.</marc:subfield>
            <marc:subfield code="t">Hound of the Baskervilles.</marc:subfield>
            <marc:subfield code="0">http://viaf.org/viaf/65283845</marc:subfield>
            <marc:subfield code="4">aut</marc:subfield>
        </marc:datafield>
        <marc:datafield tag="985" ind1=" " ind2=" ">
            <marc:subfield code="e">OCLC REPLACEMENT cdsdistr</marc:subfield>
        </marc:datafield>
        <marc:datafield tag="991" ind1=" " ind2=" ">
            <marc:subfield code="b">c-Asian</marc:subfield>
            <marc:subfield code="h">PK2418.A8</marc:subfield>
            <marc:subfield code="i">M58</marc:subfield>
            <marc:subfield code="t">Copy 1</marc:subfield>
            <marc:subfield code="m">Mar</marc:subfield>
            <marc:subfield code="w">OCLCREP</marc:subfield>
        </marc:datafield>
    </marc:record>