
    <marc:record>
        <marc:leader>01935cam a2200265 i 4500</marc:leader>
        <marc:controlfield tag="001">19764243</marc:controlfield>
        <marc:controlfield tag="005">20180607114306.0</marc:controlfield>
        <marc:controlfield tag="008">170629s2016 nyu 000 0 eng</marc:controlfield>
        <marc:datafield tag="906" ind1=" " ind2=" ">
            <marc:subfield code="a">7</marc:subfield>
            <marc:subfield code="b">cbc</marc:subfield>
            <marc:subfield code="c">orignew</marc:subfield>
            <marc:subfield code="d">2</marc:subfield>
            <marc:subfield code="e">ncip</marc:subfield>
            <marc:subfield code="f">20</marc:subfield>
            <marc:subfield code="g">y-gencatlg</marc:subfield>
        </marc:datafield>
        <marc:datafield tag="925" ind1="0" ind2=" ">
            <marc:subfield code="a">acquire</marc:subfield>
            <marc:subfield code="b">1 shelf copy</marc:subfield>
            <marc:subfield code="x">Sel/trr, 2018-05-08</marc:subfield>
        </marc:datafield>
        <marc:datafield tag="955" ind1=" " ind2=" ">
            <marc:subfield code="b">xk28 2017-06-29</marc:subfield>
            <marc:subfield code="i">xk01 2018-05-08 to CALM</marc:subfield>
            <marc:subfield code="w">xm04 2018-06-07</marc:subfield>
        </marc:datafield>
        <marc:datafield tag="010" ind1=" " ind2=" ">
            <marc:subfield code="a">2016286586</marc:subfield>
        </marc:datafield>
        <marc:datafield tag="020" ind1=" " ind2=" ">
            <marc:subfield code="a">9781435162853</marc:subfield>
        </marc:datafield>
        <marc:datafield tag="040" ind1=" " ind2=" ">
            <marc:subfield code="a">DLC</marc:subfield>
            <marc:subfield code="b">eng</marc:subfield>
            <marc:subfield code="e">rda</marc:subfield>
            <marc:subfield code="c">DLC</marc:subfield>
        </marc:datafield>
        <marc:datafield tag="042" ind1=" " ind2=" ">
            <marc:subfield code="a">lcac</marc:subfield>
            <marc:subfield code="a">pcc</marc:subfield>
        </marc:datafield>
        <marc:datafield tag="050" ind1="0" ind2="0">
            <marc:subfield code="a">PR1309.D4</marc:subfield>
            <marc:subfield code="b">T74 2016</marc:subfield>
        </marc:datafield>
        <marc:datafield tag="082" ind1="0" ind2="0">
            <marc:subfield code="a">823/.087208</marc:subfield>
            <marc:subfield code="2">23</marc:subfield>
        </marc:datafield>
        <marc:datafield tag="245" ind1="1" ind2="0">
            <marc:subfield code="a">A treasury of classic mystery stories</marc:subfield>
        </marc:datafield>
        <marc:datafield tag="264" ind1=" " ind2="1">
            <marc:subfield code="a">New York, NY :</marc:subfield>
            <marc:subfield code="b">Fall River Press,</marc:subfield>
            <marc:subfield code="c">[2016]</marc:subfield>
        </marc:datafield>
        <marc:datafield tag="300" ind1=" " ind2=" ">
            <marc:subfield code="a">792 pages ;</marc:subfield>
            <marc:subfield code="c">24 cm</marc:subfield>
        </marc:datafield>
       <marc:datafield tag="336" ind1=" " ind2=" ">
      <marc:subfield code="a">text</marc:subfield>
      <marc:subfield code="b">txt</marc:subfield>
      <marc:subfield code="1">http://rdaregistry.info/termList/RDAContentType/1020</marc:subfield>
      <marc:subfield code="2">rdacontent</marc:subfield>
    </marc:datafield>
    <marc:datafield tag="337" ind1=" " ind2=" ">
      <marc:subfield code="a">unmediated</marc:subfield>
      <marc:subfield code="b">n</marc:subfield>
      <marc:subfield code="1">http://rdaregistry.info/termList/RDAMediaType/1007</marc:subfield>
      <marc:subfield code="2">rdamedia</marc:subfield>
    </marc:datafield>
    <marc:datafield tag="338" ind1="1" ind2="0">
      <marc:subfield code="a">volume</marc:subfield>
      <marc:subfield code="b">nc</marc:subfield>
      <marc:subfield code="1">http://rdaregistry.info/termList/RDACarrierType/1049</marc:subfield>
      <marc:subfield code="2">rdacarrier</marc:subfield>
    </marc:datafield>
        <marc:datafield tag="505" ind1="0" ind2="0">
            <marc:subfield code="t">Missing! /</marc:subfield>
            <marc:subfield code="r">Émile Gaboriau -</marc:subfield>
            <marc:subfield code="t">The Traveller's Story of a Terribly Strange Bed /</marc:subfield>
            <marc:subfield code="r">Wilkie Collins -</marc:subfield>
            <marc:subfield code="t">The Murders in the Rue Morgue /</marc:subfield>
            <marc:subfield code="r">Edgar Allen Poe -</marc:subfield>
            <marc:subfield code="t">The Ten-Thirty Folkestone Express /</marc:subfield>
            <marc:subfield code="r">Sax Rohmer -</marc:subfield>
            <marc:subfield code="t">The Fenchurch Street Mystery /</marc:subfield>
            <marc:subfield code="r">Baroness Orczy -</marc:subfield>
            <marc:subfield code="t">The Invisible Man /</marc:subfield>
            <marc:subfield code="r">G. K. Chesterton -</marc:subfield>
            <marc:subfield code="t">The Murder of Bennett Sandman /</marc:subfield>
            <marc:subfield code="r">Edgar Wallace -</marc:subfield>
            <marc:subfield code="t">The S. S. /</marc:subfield>
            <marc:subfield code="r">M. P. Shiel -</marc:subfield>
            <marc:subfield code="t">The Mysterious Card /</marc:subfield>
            <marc:subfield code="r">Cleveland Moffett -</marc:subfield>
            <marc:subfield code="t">The Hound of the Baskervilles /</marc:subfield>
            <marc:subfield code="r">Arthur Conan Doyle -</marc:subfield>
            <marc:subfield code="t">The Ivy Cottage Mystery /</marc:subfield>
            <marc:subfield code="r">Arthur Morrison -</marc:subfield>
            <marc:subfield code="t">The Tragedy at Brookbend Cottage /</marc:subfield>
            <marc:subfield code="r">Ernest Bramah -</marc:subfield>
            <marc:subfield code="t">A Case of Premeditation /</marc:subfield>
            <marc:subfield code="r">R. Austin Freeman -</marc:subfield>
            <marc:subfield code="t">The Scarlet Thread /</marc:subfield>
            <marc:subfield code="r">Jacques Futrelle -</marc:subfield>
            <marc:subfield code="t">The Red Silk Scarf /</marc:subfield>
            <marc:subfield code="r">Maurice Leblanc -</marc:subfield>
            <marc:subfield code="t">The Business Minister /</marc:subfield>
            <marc:subfield code="r">H. C. Bailey -</marc:subfield>
            <marc:subfield code="t">The Big Bow Mystery /</marc:subfield>
            <marc:subfield code="r">Israel Zangwell -</marc:subfield>
            <marc:subfield code="t">Room Number 3 /</marc:subfield>
            <marc:subfield code="r">Anna Katharine Green -</marc:subfield>
            <marc:subfield code="t">The Doomdorf Mystery /</marc:subfield>
            <marc:subfield code="r">Melville Davisson Post -</marc:subfield>
            <marc:subfield code="t">The Poisoned Pen /</marc:subfield>
            <marc:subfield code="r">Arthur B. Reeve -</marc:subfield>
            <marc:subfield code="t">Justice Ends at Home /</marc:subfield>
            <marc:subfield code="r">Rex Stout -</marc:subfield>
            <marc:subfield code="t">The Rope of Fear /</marc:subfield>
            <marc:subfield code="r">Mary E. Hanshew and Thomas W. Hanshew -</marc:subfield>
            <marc:subfield code="t">The Mysterious Affair at Styles /</marc:subfield>
            <marc:subfield code="r">Agatha Chrisitie - Original Sources.</marc:subfield>
        </marc:datafield>
        <marc:datafield tag="655" ind1=" " ind2="7">
            <marc:subfield code="a">Mystery fiction.</marc:subfield>
            <marc:subfield code="2">gsafd</marc:subfield>
        </marc:datafield>
    </marc:record>