
    <marc:record>
        <marc:leader>01254ngm a22003015a 4500</marc:leader>
        <marc:controlfield tag="001">11566068</marc:controlfield>
        <marc:controlfield tag="005">00000000000000.0</marc:controlfield>
        <marc:controlfield tag="008">910604s1986 xx vlund</marc:controlfield>
        <marc:datafield tag="035" ind1=" " ind2=" ">
            <marc:subfield code="9">(DLC) 91728589</marc:subfield>
        </marc:datafield>
        <marc:datafield tag="906" ind1=" " ind2=" ">
            <marc:subfield code="a">0</marc:subfield>
            <marc:subfield code="b">ibc</marc:subfield>
            <marc:subfield code="c">orignew</marc:subfield>
            <marc:subfield code="d">u</marc:subfield>
            <marc:subfield code="e">ncip</marc:subfield>
            <marc:subfield code="f">19</marc:subfield>
            <marc:subfield code="g">y-movingim</marc:subfield>
        </marc:datafield>
        <marc:datafield tag="010" ind1=" " ind2=" ">
            <marc:subfield code="a">91728589</marc:subfield>
        </marc:datafield>
        <marc:controlfield tag="007">v| ||||||</marc:controlfield>
        <marc:datafield tag="017" ind1=" " ind2=" ">
            <marc:subfield code="a">PA302-948</marc:subfield>
            <marc:subfield code="b">U.S. Copyright Office</marc:subfield>
        </marc:datafield>
        <marc:datafield tag="040" ind1=" " ind2=" ">
            <marc:subfield code="a">DLC</marc:subfield>
            <marc:subfield code="c">DLC</marc:subfield>
            <marc:subfield code="e">amim</marc:subfield>
        </marc:datafield>
        <marc:datafield tag="050" ind1="0" ind2="0">
            <marc:subfield code="a">VAA 8083 (viewing copy)</marc:subfield>
        </marc:datafield>
        <marc:datafield tag="245" ind1="0" ind2="4">
            <marc:subfield code="a">The Adventures of Sherlock Holmes [and] The Boscombe Valley mystery [and] The Hound
                of the Baskervilles /
            </marc:subfield>
            <marc:subfield code="c">Sir Arthur Conan Doyle ; producer/director David Oliphant.</marc:subfield>
        </marc:datafield>
        <marc:datafield tag="260" ind1=" " ind2=" ">
            <marc:subfield code="c">1986.</marc:subfield>
        </marc:datafield>
        <marc:datafield tag="300" ind1=" " ind2=" ">
            <marc:subfield code="a">1 videocassette (VHS) :</marc:subfield>
            <marc:subfield code="b">sd., col. ;</marc:subfield>
            <marc:subfield code="c">1/2 in. viewing copy.</marc:subfield>
        </marc:datafield>
        <marc:datafield tag="500" ind1=" " ind2=" ">
            <marc:subfield code="a">Copyright: PUB 01May86; REG 11Sep86; PA302-948.</marc:subfield>
        </marc:datafield>
        <marc:datafield tag="500" ind1=" " ind2=" ">
            <marc:subfield code="a">Copyright notice on film: Academic Industries, Inc. ; 1986.</marc:subfield>
        </marc:datafield>
        <marc:datafield tag="500" ind1=" " ind2=" ">
            <marc:subfield code="a">Reference source used: copyright data sheet.</marc:subfield>
        </marc:datafield>
        <marc:datafield tag="541" ind1=" " ind2=" ">
            <marc:subfield code="d">Received: 11/06/86;</marc:subfield>
            <marc:subfield code="3">viewing copy;</marc:subfield>
            <marc:subfield code="c">copyright deposit-no agree;</marc:subfield>
            <marc:subfield code="a">Copyright Collection.</marc:subfield>
        </marc:datafield>
        <marc:datafield tag="710" ind1="2" ind2=" ">
            <marc:subfield code="a">Copyright Collection (Library of Congress)</marc:subfield>
            <marc:subfield code="5">DLC</marc:subfield>
        </marc:datafield>
        <marc:datafield tag="740" ind1="0" ind2=" ">
            <marc:subfield code="a">Adventures of Sherlock Holmes.</marc:subfield>
        </marc:datafield>
        <marc:datafield tag="740" ind1="0" ind2=" ">
            <marc:subfield code="a">Coscombe Valley mystery.</marc:subfield>
        </marc:datafield>
        <marc:datafield tag="740" ind1="0" ind2=" ">
            <marc:subfield code="a">Hound of the Baskervilles.</marc:subfield>
        </marc:datafield>
        <marc:datafield tag="953" ind1=" " ind2=" ">
            <marc:subfield code="a">TE01</marc:subfield>
        </marc:datafield>
        <marc:datafield tag="991" ind1=" " ind2=" ">
            <marc:subfield code="b">c-MP&amp;TV</marc:subfield>
            <marc:subfield code="h">VAA 8083 (viewing copy)</marc:subfield>
            <marc:subfield code="w">MUMS VM File</marc:subfield>
        </marc:datafield>
    </marc:record>