
    <marc:record>
        <marc:leader>02049cam a2200265 4500</marc:leader>
        <marc:controlfield tag="001">3133205</marc:controlfield>
        <marc:controlfield tag="005">20151214135143.0</marc:controlfield>
        <marc:controlfield tag="008">700727s1965 cau b 000 0 eng</marc:controlfield>
        <marc:datafield tag="906" ind1=" " ind2=" ">
            <marc:subfield code="a">7</marc:subfield>
            <marc:subfield code="b">cbc</marc:subfield>
            <marc:subfield code="c">orignew</marc:subfield>
            <marc:subfield code="d">4</marc:subfield>
            <marc:subfield code="e">ncip</marc:subfield>
            <marc:subfield code="f">19</marc:subfield>
            <marc:subfield code="g">y-gencatlg</marc:subfield>
        </marc:datafield>
        <marc:datafield tag="010" ind1=" " ind2=" ">
            <marc:subfield code="a">72014056</marc:subfield>
        </marc:datafield>
        <marc:datafield tag="035" ind1=" " ind2=" ">
            <marc:subfield code="9">(DLC) 72014056</marc:subfield>
        </marc:datafield>
        <marc:datafield tag="040" ind1=" " ind2=" ">
            <marc:subfield code="a">DLC</marc:subfield>
            <marc:subfield code="c">DLC</marc:subfield>
            <marc:subfield code="d">DLC</marc:subfield>
        </marc:datafield>
        <marc:datafield tag="050" ind1="0" ind2="0">
            <marc:subfield code="a">PR4624</marc:subfield>
            <marc:subfield code="b">.W4</marc:subfield>
        </marc:datafield>
        <marc:datafield tag="245" ind1="0" ind2="0">
            <marc:subfield code="a">West by one and by one;</marc:subfield>
            <marc:subfield code="c">an anthology of irregular writings by the Scowrers and Molly Maguires of San
                Francisco and the Trained Cormorants of Los Angeles County.
            </marc:subfield>
        </marc:datafield>
        <marc:datafield tag="260" ind1=" " ind2=" ">
            <marc:subfield code="a">San Francisco,</marc:subfield>
            <marc:subfield code="c">1965.</marc:subfield>
        </marc:datafield>
        <marc:datafield tag="300" ind1=" " ind2=" ">
            <marc:subfield code="a">157 p.</marc:subfield>
            <marc:subfield code="c">21 cm.</marc:subfield>
        </marc:datafield>
        <marc:datafield tag="504" ind1=" " ind2=" ">
            <marc:subfield code="a">Bibliographical footnotes.</marc:subfield>
        </marc:datafield>
        <marc:datafield tag="505" ind1="0" ind2=" ">
            <marc:subfield code="a">Introduction, by P. Anderson.-On "Scowrer," by A. Boucher.-A song for the
                Scowrers, by W. Bradley.-On the later tales, by E. W. Smith.-The case of the illustrious predecessor,
                by A. D. Mackenzie.-The adventure of the yellow house, by G. Jones.-The hound of the Baskervilles, by
                F. C. Baxter.-The giant rat of Sumatra, by J. M. Nill.-The sky-pilot, by C. E. Lauterbach.-Who was
                Isadora Persano? By J. Hedgpeth.-The case of the sunburned peer, by D. Douglass.-Skipping stones at
                Reichenbach, by R. Berman.-A case of lost identity, by L. G. Offord.-The professor and The valley of
                fear, by B. M. Castner.-Two partial pastiches, by P. Salo.-The Camberwell poisoning case, by S.
                Drake.-Another bird in a gilded cage, by D. Hardenbrook.-Ponderings by the politician, by R. R.
                Pattrick.-A Sherlockian zoo, by A. P. Ewing &amp; R. R. Pattrick.-In the island of Uffa, by P.
                Anderson.-The Moriarty gambit, by F. Leiber.-"Two good men," by D. W. Dickensheet.-An introduction to
                filk singing, by K. K. Anderson.
            </marc:subfield>
        </marc:datafield>
        <marc:datafield tag="600" ind1="1" ind2="0">
            <marc:subfield code="a">Doyle, Arthur Conan,</marc:subfield>
            <marc:subfield code="d">1859-1930</marc:subfield>
            <marc:subfield code="x">Characters</marc:subfield>
            <marc:subfield code="x">Sherlock Holmes.</marc:subfield>
            <marc:subfield code="0">http://viaf.org/viaf/65283845</marc:subfield>
            <marc:subfield code="4">aut</marc:subfield>
        </marc:datafield>
        <marc:datafield tag="650" ind1=" " ind2="0">
            <marc:subfield code="a">Detective and mystery stories, English</marc:subfield>
            <marc:subfield code="x">History and criticism.</marc:subfield>
        </marc:datafield>
        <marc:datafield tag="600" ind1="1" ind2="0">
            <marc:subfield code="a">Holmes, Sherlock.</marc:subfield>
            <marc:subfield code="0">http://viaf.org/viaf/173636607</marc:subfield>
        </marc:datafield>
        <marc:datafield tag="650" ind1=" " ind2="0">
            <marc:subfield code="a">Private investigators in literature.</marc:subfield>
        </marc:datafield>
        <marc:datafield tag="710" ind1="2" ind2=" ">
            <marc:subfield code="a">Scowrers (and Molly Maguires) of San Francisco.</marc:subfield>
        </marc:datafield>
        <marc:datafield tag="710" ind1="2" ind2=" ">
            <marc:subfield code="a">Trained Cormorants of Los Angeles County.</marc:subfield>
        </marc:datafield>
        <marc:datafield tag="991" ind1=" " ind2=" ">
            <marc:subfield code="b">c-GenColl</marc:subfield>
            <marc:subfield code="h">PR4624</marc:subfield>
            <marc:subfield code="i">.W4</marc:subfield>
            <marc:subfield code="t">Copy 1</marc:subfield>
            <marc:subfield code="w">BOOKS</marc:subfield>
        </marc:datafield>
    </marc:record>