
    <marc:record>
        <marc:leader>03417cam a22003617i 4500</marc:leader>
        <marc:controlfield tag="001">18106320</marc:controlfield>
        <marc:controlfield tag="005">20170510123906.0</marc:controlfield>
        <marc:controlfield tag="008">140407t20142014maua b 001 0 eng d</marc:controlfield>
        <marc:datafield tag="906" ind1=" " ind2=" ">
            <marc:subfield code="a">7</marc:subfield>
            <marc:subfield code="b">cbc</marc:subfield>
            <marc:subfield code="c">copycat</marc:subfield>
            <marc:subfield code="d">2</marc:subfield>
            <marc:subfield code="e">ncip</marc:subfield>
            <marc:subfield code="f">20</marc:subfield>
            <marc:subfield code="g">y-gencatlg</marc:subfield>
        </marc:datafield>
        <marc:datafield tag="925" ind1="0" ind2=" ">
            <marc:subfield code="a">acquire</marc:subfield>
            <marc:subfield code="b">1 shelf copy</marc:subfield>
            <marc:subfield code="x">policy default</marc:subfield>
        </marc:datafield>
        <marc:datafield tag="955" ind1=" " ind2=" ">
            <marc:subfield code="a">pc25 2014-04-07</marc:subfield>
            <marc:subfield code="b">xk02 2015-04-22 z-processor, additional copy to discard</marc:subfield>
            <marc:subfield code="b">xk04 2015-11-09 z-processor</marc:subfield>
            <marc:subfield code="i">xk04 2016-07-08 to CALM</marc:subfield>
        </marc:datafield>
        <marc:datafield tag="010" ind1=" " ind2=" ">
            <marc:subfield code="a">2014937730</marc:subfield>
        </marc:datafield>
        <marc:datafield tag="020" ind1=" " ind2=" ">
            <marc:subfield code="a">9781619254831 (hbk.)</marc:subfield>
        </marc:datafield>
        <marc:datafield tag="020" ind1=" " ind2=" ">
            <marc:subfield code="a">1619254832 (hbk.)</marc:subfield>
        </marc:datafield>
        <marc:datafield tag="035" ind1=" " ind2=" ">
            <marc:subfield code="a">(OCoLC)ocn877570627</marc:subfield>
        </marc:datafield>
        <marc:datafield tag="040" ind1=" " ind2=" ">
            <marc:subfield code="a">DON</marc:subfield>
            <marc:subfield code="b">eng</marc:subfield>
            <marc:subfield code="c">DON</marc:subfield>
            <marc:subfield code="e">rda</marc:subfield>
            <marc:subfield code="d">OCLCO</marc:subfield>
            <marc:subfield code="d">FMU</marc:subfield>
            <marc:subfield code="d">OKN</marc:subfield>
            <marc:subfield code="d">YDXCP</marc:subfield>
            <marc:subfield code="d">BDX</marc:subfield>
            <marc:subfield code="d">OCLCF</marc:subfield>
            <marc:subfield code="d">BTCTA</marc:subfield>
            <marc:subfield code="d">OCLCQ</marc:subfield>
            <marc:subfield code="d">IHI</marc:subfield>
            <marc:subfield code="d">IAD</marc:subfield>
            <marc:subfield code="d">DLC</marc:subfield>
        </marc:datafield>
        <marc:datafield tag="042" ind1=" " ind2=" ">
            <marc:subfield code="a">lccopycat</marc:subfield>
        </marc:datafield>
        <marc:datafield tag="050" ind1="0" ind2="0">
            <marc:subfield code="a">PN524</marc:subfield>
            <marc:subfield code="b">.W67 2014</marc:subfield>
        </marc:datafield>
        <marc:datafield tag="082" ind1="0" ind2="4">
            <marc:subfield code="a">809</marc:subfield>
            <marc:subfield code="2">23</marc:subfield>
        </marc:datafield>
        <marc:datafield tag="245" ind1="0" ind2="0">
            <marc:subfield code="a">World literature.</marc:subfield>
        </marc:datafield>
        <marc:datafield tag="264" ind1=" " ind2="1">
            <marc:subfield code="a">Ipswich, Massachusetts :</marc:subfield>
            <marc:subfield code="b">Salem Press, a division of EBSCO Information Services, Inc. ;</marc:subfield>
            <marc:subfield code="a">Amenia, NY :</marc:subfield>
            <marc:subfield code="b">Grey House Publishing,</marc:subfield>
            <marc:subfield code="c">[2014]</marc:subfield>
        </marc:datafield>
        <marc:datafield tag="264" ind1=" " ind2="4">
            <marc:subfield code="c">©2014</marc:subfield>
        </marc:datafield>
        <marc:datafield tag="300" ind1=" " ind2=" ">
            <marc:subfield code="a">xiv, 350 pages :</marc:subfield>
            <marc:subfield code="b">illustrations ;</marc:subfield>
            <marc:subfield code="c">27 cm</marc:subfield>
        </marc:datafield>
        <marc:datafield tag="336" ind1=" " ind2=" ">
      <marc:subfield code="a">text</marc:subfield>
      <marc:subfield code="b">txt</marc:subfield>
      <marc:subfield code="1">http://rdaregistry.info/termList/RDAContentType/1020</marc:subfield>
      <marc:subfield code="2">rdacontent</marc:subfield>
    </marc:datafield>
    <marc:datafield tag="337" ind1=" " ind2=" ">
      <marc:subfield code="a">unmediated</marc:subfield>
      <marc:subfield code="b">n</marc:subfield>
      <marc:subfield code="1">http://rdaregistry.info/termList/RDAMediaType/1007</marc:subfield>
      <marc:subfield code="2">rdamedia</marc:subfield>
    </marc:datafield>
    <marc:datafield tag="338" ind1="1" ind2="0">
      <marc:subfield code="a">volume</marc:subfield>
      <marc:subfield code="b">nc</marc:subfield>
      <marc:subfield code="1">http://rdaregistry.info/termList/RDACarrierType/1049</marc:subfield>
      <marc:subfield code="2">rdacarrier</marc:subfield>
    </marc:datafield>
        <marc:datafield tag="490" ind1="0" ind2=" ">
            <marc:subfield code="a">Introduction to literary context</marc:subfield>
        </marc:datafield>
        <marc:datafield tag="504" ind1=" " ind2=" ">
            <marc:subfield code="a">Includes bibliographical references (pages 333-338) and index.</marc:subfield>
        </marc:datafield>
        <marc:datafield tag="505" ind1="0" ind2="0">
            <marc:subfield code="t">A Bend in the River by V.S. Naipaul -</marc:subfield>
            <marc:subfield code="t">Candide, or Optimism by Voltaire -</marc:subfield>
            <marc:subfield code="t">Chronicle of a Death Foretold by Gabriel Garcia Marquez -</marc:subfield>
            <marc:subfield code="t">Dead Man's Path by Chinua Achebe -</marc:subfield>
            <marc:subfield code="t">Dubliners by James Joyce -</marc:subfield>
            <marc:subfield code="t">The Fellowship of the Ring by J.R.R. Tolkien -</marc:subfield>
            <marc:subfield code="t">The God of Small Things by Arundhati Roy -</marc:subfield>
            <marc:subfield code="t">Half a Life by V.S. Naipaul -</marc:subfield>
            <marc:subfield code="t">Harry Potter and the Sorcerer's Stone by J.K. Rowling -</marc:subfield>
            <marc:subfield code="t">Harry Potter and the Chamber of Secrets by J.K. Rowling -</marc:subfield>
            <marc:subfield code="t">Heart of Darkness by Joseph Conrad -</marc:subfield>
            <marc:subfield code="t">The Hound of the Baskervilles by Arthur Conan Doyle -</marc:subfield>
            <marc:subfield code="t">The House of Spirits by Isabel Allende -</marc:subfield>
            <marc:subfield code="t">Illywhacker by Peter Carey -</marc:subfield>
            <marc:subfield code="t">Just So Stories by Rudyard Kipling -</marc:subfield>
            <marc:subfield code="t">Loaded by Christos Tsiolka -</marc:subfield>
            <marc:subfield code="t">Metamorphosis by Franz Kafka -</marc:subfield>
            <marc:subfield code="t">Miss Brill by Katherine Mansfield -</marc:subfield>
            <marc:subfield code="t">Moll Flanders by Daniel Defoe -</marc:subfield>
            <marc:subfield code="t">My Life as a Fake by Peter Carey -</marc:subfield>
            <marc:subfield code="t">Out of Africa by Isak Dinesen -</marc:subfield>
            <marc:subfield code="t">The Overcoat by Nikolai Gogol -</marc:subfield>
            <marc:subfield code="t">The Picture of Dorian Gray by Oscar Wilde -</marc:subfield>
            <marc:subfield code="t">A Portrait of the Artist as a Young Man by James Joyce -</marc:subfield>
            <marc:subfield code="t">The Prophecy by Anjana Appachana -</marc:subfield>
            <marc:subfield code="t">The Return of the King by J.R.R. Tolkien -</marc:subfield>
            <marc:subfield code="t">Robinson Crusoe by Daniel Defoe -</marc:subfield>
            <marc:subfield code="t">Schindler's List by Thomas Keneally -</marc:subfield>
            <marc:subfield code="t">At Swim-Two-Birds by Flann O'Brien -</marc:subfield>
            <marc:subfield code="t">A Tale of Two Cities by Charles Dickens -</marc:subfield>
            <marc:subfield code="t">Tess of the D'Urbervilles by Thomas Hardy -</marc:subfield>
            <marc:subfield code="t">And Then There Were None by Agatha Christie -</marc:subfield>
            <marc:subfield code="t">The Time Machine by H.G. Wells -</marc:subfield>
            <marc:subfield code="t">To the Lighthouse by Virginia Woolf -</marc:subfield>
            <marc:subfield code="t">The Two Towers by J.R.R. Tolkien -</marc:subfield>
            <marc:subfield code="t">The Twyborn Affair by Patrick White -</marc:subfield>
            <marc:subfield code="t">Ulysses by James Joyce -</marc:subfield>
            <marc:subfield code="t">The War of the Worlds by H.G. Wells -</marc:subfield>
            <marc:subfield code="t">The Waves by Virginia Woolf -</marc:subfield>
            <marc:subfield code="t">The Year of Living Dangerously by Christopher Koch.</marc:subfield>
        </marc:datafield>
        <marc:datafield tag="520" ind1=" " ind2=" ">
            <marc:subfield code="a">This book "provides richly detailed essays on significant works of literature from
                around the world that are studied by high school and undergraduate college students. With coverage of
                both novels and works of short fiction, the essays provide an in-depth examination of the most studied,
                historical and contemporary works of literature from around the world."-
            </marc:subfield>
            <marc:subfield code="c">Provided by publisher.</marc:subfield>
        </marc:datafield>
        <marc:datafield tag="650" ind1=" " ind2="0">
            <marc:subfield code="a">Literature</marc:subfield>
            <marc:subfield code="x">History and criticism.</marc:subfield>
        </marc:datafield>
        <marc:datafield tag="655" ind1=" " ind2="7">
            <marc:subfield code="a">Textbooks.</marc:subfield>
            <marc:subfield code="2">lcgft</marc:subfield>
        </marc:datafield>
        <marc:datafield tag="830" ind1=" " ind2="0">
            <marc:subfield code="a">Introduction to literary context (Salem Press)</marc:subfield>
        </marc:datafield>
    </marc:record>