
  <marc:record>
    <marc:leader>01938nam a2200361 a 450 </marc:leader>
    <marc:controlfield tag="001">0320810</marc:controlfield>
    <marc:controlfield tag="008">050606b                          1 mul  </marc:controlfield>
    <marc:datafield tag="015" ind1=" " ind2=" ">
      <marc:subfield code="a">0147959</marc:subfield>
    </marc:datafield>
    <marc:datafield tag="015" ind1=" " ind2=" ">
      <marc:subfield code="a">1448887</marc:subfield>
    </marc:datafield>
    <marc:datafield tag="041" ind1=" " ind2=" ">
      <marc:subfield code="a">eng</marc:subfield>
      <marc:subfield code="b">nobswedanfin</marc:subfield>
    </marc:datafield>
    <marc:datafield tag="245" ind1="0" ind2="4">
      <marc:subfield code="a">The Hound of the Baskervilles /</marc:subfield>
      <marc:subfield code="c">screenplay by Allan Cubitt ; directed by David Attwood</marc:subfield>
      <marc:subfield code="h">dvd</marc:subfield>
    </marc:datafield>
    <marc:datafield tag="260" ind1=" " ind2=" ">
      <marc:subfield code="a">Oslo :</marc:subfield>
      <marc:subfield code="b">SF Norge,</marc:subfield>
      <marc:subfield code="c">[2004]</marc:subfield>
    </marc:datafield>
    <marc:datafield tag="300" ind1=" " ind2=" ">
      <marc:subfield code="a">1 DVD (1 t, 39 min) :</marc:subfield>
      <marc:subfield code="b">lyd, kol.</marc:subfield>
    </marc:datafield>
    <marc:datafield tag="500" ind1=" " ind2=" ">
      <marc:subfield code="a">Basert p:̄ Hunden fra Baskerville / Arthur Conan Doyle</marc:subfield>
    </marc:datafield>
    <marc:datafield tag="503" ind1=" " ind2=" ">
      <marc:subfield code="a">Filmen laget: 2003</marc:subfield>
    </marc:datafield>
    <marc:datafield tag="511" ind1="0" ind2=" ">
      <marc:subfield code="a">I rollene: Richard E. Grant, Richard Roxburgh, Ian Hart m.fl.</marc:subfield>
    </marc:datafield>
    <marc:datafield tag="521" ind1=" " ind2=" ">
      <marc:subfield code="a">Aldersgrense 15 r̄</marc:subfield>
    </marc:datafield>
    <marc:datafield tag="534" ind1=" " ind2=" ">
      <marc:subfield code="a">Engelsk tittel: The hound of the Baskervilles</marc:subfield>
    </marc:datafield>
    <marc:datafield tag="655" ind1=" " ind2=" ">
      <marc:subfield code="a">Kriminal</marc:subfield>
    </marc:datafield>
    <marc:datafield tag="700" ind1=" " ind2=" ">
      <marc:subfield code="a">Attwood, David,</marc:subfield>
      <marc:subfield code="e">regissr̜</marc:subfield>
      <marc:subfield code="4">http://viaf.org/viaf/95329669</marc:subfield>
      <marc:subfield code="4">drt</marc:subfield>
    </marc:datafield>
    <marc:datafield tag="700" ind1=" " ind2=" ">
      <marc:subfield code="a">Cubitt, Allan,</marc:subfield>
      <marc:subfield code="e">manusforf.</marc:subfield>
      <marc:subfield code="4">http://viaf.org/viaf/160998696</marc:subfield>
      <marc:subfield code="4">aus</marc:subfield>
    </marc:datafield>
    <marc:datafield tag="700" ind1=" " ind2=" ">
      <marc:subfield code="a">Doyle, Arthur Conan,</marc:subfield>
      <marc:subfield code="d">1859-1930,</marc:subfield>
      <marc:subfield code="t">Hunden fra Baskerville,</marc:subfield>
      <marc:subfield code="e">forf.</marc:subfield>
      <marc:subfield code="0">http://viaf.org/viaf/65283845</marc:subfield>
      <marc:subfield code="4">aut</marc:subfield>
    </marc:datafield>
    <marc:datafield tag="700" ind1=" " ind2=" ">
      <marc:subfield code="a">Grant, Richard E.,</marc:subfield>
      <marc:subfield code="d">1957-,</marc:subfield>
      <marc:subfield code="e">skuesp.</marc:subfield>
      <marc:subfield code="4">act</marc:subfield>
    </marc:datafield>
    <marc:datafield tag="700" ind1=" " ind2=" ">
      <marc:subfield code="a">Hart, Ian,</marc:subfield>
      <marc:subfield code="d">1964-,</marc:subfield>
      <marc:subfield code="e">skuesp.</marc:subfield>
      <marc:subfield code="4">act</marc:subfield>
    </marc:datafield>
    <marc:datafield tag="700" ind1=" " ind2=" ">
      <marc:subfield code="a">Roxburgh, Richard,</marc:subfield>
      <marc:subfield code="e">skuesp.</marc:subfield>
      <marc:subfield code="4">act</marc:subfield>
    </marc:datafield>
    <marc:datafield tag="852" ind1=" " ind2=" ">
      <marc:subfield code="a">Fylkesbiblioteket i Akershus</marc:subfield>
      <marc:subfield code="b">Fyb. i Akershus Voksne</marc:subfield>
      <marc:subfield code="c">DVD</marc:subfield>
    </marc:datafield>
  </marc:record>