
  <marc:record>
    <marc:leader>00970nam a2200217 a 450 </marc:leader>
    <marc:controlfield tag="001">0236491</marc:controlfield>
    <marc:controlfield tag="008">010409b                          1 nob  </marc:controlfield>
    <marc:datafield tag="015" ind1=" " ind2=" ">
      <marc:subfield code="a">1944049</marc:subfield>
    </marc:datafield>
    <marc:datafield tag="020" ind1=" " ind2=" ">
      <marc:subfield code="a">82-421-0731-9</marc:subfield>
    </marc:datafield>
    <marc:datafield tag="041" ind1=" " ind2=" ">
      <marc:subfield code="h">eng</marc:subfield>
    </marc:datafield>
    <marc:datafield tag="100" ind1=" " ind2=" ">
      <marc:subfield code="a">Doyle, Arthur Conan,</marc:subfield>
      <marc:subfield code="d">1859-1930</marc:subfield>
      <marc:subfield code="0">http://viaf.org/viaf/65283845</marc:subfield>
      <marc:subfield code="4">aut</marc:subfield>
    </marc:datafield>
    <marc:datafield tag="245" ind1=" " ind2=" ">
      <marc:subfield code="a">Hunden fra Baskerville /</marc:subfield>
      <marc:subfield code="c">Sir Arthur Conan Doyle ;[dramatisert av Ittla Frodi ; bearbeidelse, oversettelse og regi: Nils Nordberg]</marc:subfield>
      <marc:subfield code="h">lydopptak</marc:subfield>
    </marc:datafield>
    <marc:datafield tag="260" ind1=" " ind2=" ">
      <marc:subfield code="a">[Oslo] :</marc:subfield>
      <marc:subfield code="b">Radioteateret,</marc:subfield>
      <marc:subfield code="c">2001</marc:subfield>
    </marc:datafield>
    <marc:datafield tag="300" ind1=" " ind2=" ">
      <marc:subfield code="a">3 kompaktplater (3 t, 22 min.)</marc:subfield>
    </marc:datafield>
    <marc:datafield tag="511" ind1="0" ind2=" ">
      <marc:subfield code="a">I rollene: Helge Reiss m.fl.</marc:subfield>
    </marc:datafield>
    <marc:datafield tag="534" ind1=" " ind2=" ">
      <marc:subfield code="a">Originaltittel: The hound of the Baskervilles</marc:subfield>
    </marc:datafield>
    <marc:datafield tag="655" ind1=" " ind2=" ">
      <marc:subfield code="a">Kriminal</marc:subfield>
    </marc:datafield>
    <marc:datafield tag="852" ind1=" " ind2=" ">
      <marc:subfield code="a">Fylkesbiblioteket i Akershus</marc:subfield>
      <marc:subfield code="b">Fyb. i Akershus Voksne</marc:subfield>
    </marc:datafield>
    <marc:datafield tag="852" ind1=" " ind2=" ">
      <marc:subfield code="a">Fylkesbiblioteket i Akershus</marc:subfield>
      <marc:subfield code="b">Fyb. i Akershus Voksne</marc:subfield>
    </marc:datafield>
  </marc:record>