
  <marc:record>
    <marc:leader>00713nam a2200157 a 450 </marc:leader>
    <marc:controlfield tag="001">0016275</marc:controlfield>
    <marc:controlfield tag="008">881112b                          1 nob  </marc:controlfield>
    <marc:datafield tag="015" ind1=" " ind2=" ">
      <marc:subfield code="a">85203</marc:subfield>
    </marc:datafield>
    <marc:datafield tag="020" ind1=" " ind2=" ">
      <marc:subfield code="a">82-05-05332-4 :</marc:subfield>
      <marc:subfield code="c">24.50</marc:subfield>
    </marc:datafield>
    <marc:datafield tag="100" ind1=" " ind2=" ">
      <marc:subfield code="a">Doyle, Arthur Conan,</marc:subfield>
      <marc:subfield code="d">1859-1930</marc:subfield>
      <marc:subfield code="0">http://viaf.org/viaf/65283845</marc:subfield>
      <marc:subfield code="4">aut</marc:subfield>
    </marc:datafield>
    <marc:datafield tag="240" ind1=" " ind2=" ">
      <marc:subfield code="a">The hound of the Baskervilles</marc:subfield>
      <marc:subfield code="1">http://viaf.org/viaf/181625655</marc:subfield>
    </marc:datafield>
    <marc:datafield tag="245" ind1=" " ind2=" ">
      <marc:subfield code="a">Hunden fra Baskerville :</marc:subfield>
      <marc:subfield code="b">En beretning om Sherlock Holmes /</marc:subfield>
      <marc:subfield code="c">Overs., innl. og merknader ved Nils Nordberg</marc:subfield>
    </marc:datafield>
    <marc:datafield tag="500" ind1=" " ind2=" ">
      <marc:subfield code="a">1. norske utg. i 1941</marc:subfield>
    </marc:datafield>
    <marc:datafield tag="852" ind1=" " ind2=" ">
      <marc:subfield code="a">Fylkesbiblioteket i Akershus</marc:subfield>
      <marc:subfield code="b">Fyb. i Akershus Voksne</marc:subfield>
      <marc:subfield code="c">Spenning</marc:subfield>
    </marc:datafield>
  </marc:record>