
  <marc:record>
    <marc:leader>00733nam a2200157 a 450 </marc:leader>
    <marc:controlfield tag="001">0037499</marc:controlfield>
    <marc:controlfield tag="008">881112b                          1 nob  </marc:controlfield>
    <marc:datafield tag="015" ind1=" " ind2=" ">
      <marc:subfield code="a">1803288</marc:subfield>
    </marc:datafield>
    <marc:datafield tag="020" ind1=" " ind2=" ">
      <marc:subfield code="a">82-525-1026-4 :</marc:subfield>
      <marc:subfield code="c">Nkr 39.00</marc:subfield>
    </marc:datafield>
    <marc:datafield tag="100" ind1=" " ind2=" ">
      <marc:subfield code="a">Doyle, Arthur Conan,</marc:subfield>
      <marc:subfield code="d">1859-1930</marc:subfield>
      <marc:subfield code="0">http://viaf.org/viaf/65283845</marc:subfield>
      <marc:subfield code="4">aut</marc:subfield>
    </marc:datafield>
    <marc:datafield tag="240" ind1=" " ind2=" ">
      <marc:subfield code="a">The hound of the Baskervilles</marc:subfield>
      <marc:subfield code="1">http://viaf.org/viaf/181625655</marc:subfield>
    </marc:datafield>
    <marc:datafield tag="245" ind1=" " ind2=" ">
      <marc:subfield code="a">Hunden fra Baskerville :</marc:subfield>
      <marc:subfield code="b">en beretning om Sherlock Holmes /</marc:subfield>
      <marc:subfield code="c">Arthur Conan Doyle ; oversatt av Nils Nordberg</marc:subfield>
    </marc:datafield>
   <marc:datafield tag="336" ind1=" " ind2=" ">
      <marc:subfield code="a">text</marc:subfield>
      <marc:subfield code="b">txt</marc:subfield>
      <marc:subfield code="1">http://rdaregistry.info/termList/RDAContentType/1020</marc:subfield>
      <marc:subfield code="2">rdacontent</marc:subfield>
    </marc:datafield>
    <marc:datafield tag="337" ind1=" " ind2=" ">
      <marc:subfield code="a">unmediated</marc:subfield>
      <marc:subfield code="b">n</marc:subfield>
      <marc:subfield code="1">http://rdaregistry.info/termList/RDAMediaType/1007</marc:subfield>
      <marc:subfield code="2">rdamedia</marc:subfield>
    </marc:datafield>
    <marc:datafield tag="338" ind1="1" ind2="0">
      <marc:subfield code="a">volume</marc:subfield>
      <marc:subfield code="b">nc</marc:subfield>
      <marc:subfield code="1">http://rdaregistry.info/termList/RDACarrierType/1049</marc:subfield>
      <marc:subfield code="2">rdacarrier</marc:subfield>
    </marc:datafield>
    <marc:datafield tag="500" ind1=" " ind2=" ">
      <marc:subfield code="a">Denne overs. utkom 1. gang i 1971</marc:subfield>
    </marc:datafield>
    <marc:datafield tag="852" ind1=" " ind2=" ">
      <marc:subfield code="a">Fylkesbiblioteket i Akershus</marc:subfield>
      <marc:subfield code="b">Fyb. i Akershus Voksne</marc:subfield>
      <marc:subfield code="c">Spenning</marc:subfield>
    </marc:datafield>
  </marc:record>